3150 5175
674 467 808 529 ’Ξ
1171 469 1226 547 '19

145 655 151 668 ‘
261 674 423 743 urentem,
447 672 483 727 nt
512 669 612 726 tamen
648 655 679 720 in
714 650 901 739 gravioribus
937 655 1029 723 rebus
1063 675 1223 725 arcessere·

268 803 318 857 tm
337 792 355 876 (
366 789 445 878 33).
488 783 688 866 Posteaquam
717 799 816 849 autem
845 785 979 866 Barrus,
1006 804 1097 867 quem
1122 785 1155 851 in
1179 801 1225 851 te·

267 921 366 1005 gendo
392 910 528 985 consiliis
560 912 699 979 honestis
736 913 933 996 imperatoris
969 913 1069 981 animo
1094 916 1223 1014 ‘socium

265 1064 298 1116 et
317 1043 485 1136 adjutorem
511 1041 679 1122 habuerat,
710 1055 828 1107 veneno
859 1042 968 1124 periit,
991 1017 1121 1108 Senecae
1144 1060 1224 1123 quo·

267 1197 330 1259 que
354 1171 489 1257 potentia
515 1170 639 1237 infracta
673 1184 731 1236 eat.
781 1171 865 1236 Mox
896 1169 985 1238 variis
1016 1169 1228 1238 criminationi·

269 1295 330 1368 bus
355 1300 388 1365 in
411 1300 547 1376 invidiam
576 1296 707 1380 Pnneipi
737 1297 908 1380 munus,
934 1317 972 1365 ex
1004 1298 1059 1364 illo
1084 1317 1226 1384 praecep-

266 1411 329 1508 to,
359 1429 445 1509 qnod
475 1427 546 1492 olim
578 1425 699 1494 Lucilio
727 1426 849 1495 dederat
883 1425 949 1516 Ep.
975 1445 1036 1509 14,
1068 1427 1232 1508 sapientem

270 1574 425 1638 nonquam
448 1555 617 1638 potentium
646 1555 704 1620 iras
737 1570 997 1639 provocaturum,
1025 1554 1119 1619 immo
1143 1547 1234 1619 decii·

270 1698 432 1782 naturum,
460 1683 640 1762 nonalitea
664 1699 754 1765 qnam
779 1682 813 1748 in
848 1682 1019 1767 navigando
1046 1683 1232 1765 procellam,

269 1814 334 1880 vela
369 1811 533 1878 contraxit.
584 1812 690 1893 ltaque
725 1858 746 1894 „
767 1812 905 1879 instituta
929 1811 1042 1894 prioris
1077 1809 1230 1895 potentiae

274 1977 297 2024 „
316 1919 500 2006 commutata
522 1939 664 2020 prohibet
687 1956 797 2006 eoetns·
834 1941 1048 2007 salutantiumt
1083 1940 1157 2007 vitat
1183 1957 1237 2006 co·

275 2067 477 2159 „qmitantes3
505 2079 591 2132 ratur
613 2082 670 2147 per
689 2066 814 2147 urbem3
838 2066 926 2146 qnasi
942 2066 1113 2132 valetudine
1137 2065 1238 2132 infen-

278 2228 301 2274 „
324 2209 381 2271 aa,
406 2205 459 2256 aut
483 2191 646 2273 sapientiae
670 2192 779 2258 studiis
811 2192 894 2256 domi
918 2190 1139 2260 attinentur!
1159 2193 1239 2277 (34)

276 2318 389 2402 Neque
415 2333 513 2388 nmen
541 2321 590 2387 hic
613 2341 752 2390 ceresam
782 2322 901 2407 optimo
935 2322 1003 2389 viro
1031 2323 1115 2392 vaide
1137 2323 1237 2408 gravia

275 2447 409 2514 aceidme
431 2447 556 2530 potuit,
588 2448 640 2530 qui
675 2449 852 2533 jamdudum
888 2469 906 2515 a
935 2448 1133 2533 Philosophia
1163 2451 1241 2518 didi·
1296 2460 1301 2470 '

272 2591 372 2658 cerat,
394 2591 425 2643 ct
439 2574 559 2645 Lucilio
578 2598 636 2645 suo
656 2592 847 2662 praeceperat
865 2577 980 2662 (35),
1001 2577 1153 2647 vitandam
1170 2598 1238 2650 esec

278 2705 422 2786 turbam,
446 2751 467 2786 „
486 2706 628 2786 vitanda,
652 2725 853 2788 quaecunque
880 2707 976 2788 vulgo
1001 2709 1140 2788 placent,
1162 2726 1241 2789 quae

280 2874 304 2914 „
322 2851 411 2898 casus
442 2829 611 2898 atniboit.'’
654 2831 791 2899 Omnino
815 2846 1001 2899 senectutem
1026 2832 1157 2898 Senecae
1174 2850 1241 2899 non

278 2959 429 3026 immerito
442 2959 569 3026 ¹directis
595 2960 741 3044 optimam
773 2963 840 3047 ejus
874 2959 952 3025 vitae
977 2971 1093 3041 partem
1123 2961 1142 3035 (
1153 2961 1239 3041 36)a

278 3102 354 3160 nme
375 3090 570 3178 sapientiam,
600 3093 657 3159 etsi
684 3094 770 3163 nulio
799 3108 936 3176 tempore
979 3085 1244 3175 pertinebant»,
1280 3074 1282 3077 ’

277 3220 442 3304 praecipuo
475 3237 575 3290 tamen
602 3223 705 3289 studio
723 3223 842 3303 coluit,
881 3235 969 3288 utet
996 3218 1129 3285 mimum
1157 3216 1240 3282 curia

278 3368 314 3419 nc
348 3350 428 3420 vitiis
454 3350 618 3432 liberaret,
650 3365 680 3416 et
702 3366 826 3418 naturae
848 3348 1104 3431 contemplatione
1124 3366 1243 3415 rernm·

184 3624 194 3645 .
314 3566 402 3639 (aa)
422 3564 512 3624 Tac.
538 3569 613 3623 Ann.
631 3562 667 3624 ι.
694 3562 772 3623 xpp
800 3582 824 3622 c.
848 3578 876 3635 7.
1180 3495 1244 3562 que

316 3659 404 3738 (³4)
422 3657 450 3717 T
457 3660 563 3719 amab.
578 3672 602 3720 e.
621 3661 746 3731 ⁵2-s6·
764 3661 858 3718 Verba
873 3676 897 3718 c.
921 3672 966 3731 53.
988 3699 1012 3731 „
1031 3660 1250 3721 familiaritatem

281 3796 306 3831 „
326 3756 501 3831 elntnagls
519 3767 686 3829 aspernante
710 3751 860 3815 Caetare”
882 3755 938 3830 jam
960 3760 1024 3815 ante
1040 3754 1252 3816 criminationes

277 3852 339 3912 iilaa
362 3854 483 3912 animum
506 3851 633 3911 Neronia
656 3851 852 3911 alieniorema
877 3854 985 3914 Seneca
1001 3852 1095 3911 fultae
1112 3849 1251 3911 indicata.

317 3947 404 4027 (35)
423 3949 515 4024 epm·
538 3967 577 4023 7,
597 3956 632 4020 8a
654 3968 697 4010 ¹0·

318 4047 403 4122 (ao)
424 4048 467 4102 lta
483 4058 601 4120 quoque
617 4045 757 4109 Reiah.
782 4048 951 4122 1.1.p.40.

782 4144 812 4210 C
835 4164 855 4208 a
