3150 5175
299 663 507 740 Providentia
533 663 597 733 sive
623 660 825 745 Moralium,
860 679 938 746 quae
964 660 998 729 in
1023 661 1116 731 libelli
1139 662 1251 748 prinei·

297 799 351 883 pio
375 795 536 882 reperitur.
577 791 625 859 Ita
648 789 729 858 enim
749 811 779 858 c.
801 810 832 861 1.
854 793 886 874 §.
909 808 947 857 ιε
984 836 1009 876 „
1026 791 1098 860 Hoc
1115 811 1252 863 comme·

294 943 324 1014 '„
342 925 412 994 dius
436 924 469 991 in
491 931 637 988 contextu
664 917 764 1002 operis
787 919 979 1004 redderetur,
1011 940 1083 989 cunr
1110 941 1252 1006 praeesse

303 1101 325 1141 .,
343 1054 495 1124 universis
521 1048 740 1117 Providentiam
773 1050 993 1133 probaremus,
1030 1065 1062 1118 et
1105 1050 1252 1118 interesse

301 1229 325 1265 „
344 1179 436 1248 nobis
460 1178 582 1258 Deum3
613 1175 669 1242 sed
696 1174 840 1257 quoniam
866 1195 885 1241 a
913 1190 983 1242 toto
1005 1177 1181 1260 particulam
1204 1196 1254 1243 re·

303 1351 325 1391 „
345 1306 416 1372 velli
444 1302 560 1386 placet,
581 1315 612 1368 et
633 1320 724 1370 unam
745 1302 1033 1386 contradictionem,
1049 1316 1187 1371 manente
1209 1300 1251 1367 li·

219 1509 226 1515 ³
302 1479 324 1516 ‚,
343 1447 374 1499 te
387 1433 523 1517 integra,
544 1432 683 1516 solvere3
704 1430 811 1499 faciam
827 1452 890 1499 rem
910 1451 974 1499 non
987 1430 1157 1512 difficilem,
1177 1445 1250 1495 can·

301 1608 325 1649 ‚,
341 1582 404 1631 satn
428 1549 553 1630 deorum
574 1580 673 1646 agam.
714 1559 943 1644 Supervacuum
965 1577 1012 1629 est
1036 1562 1068 1628 in
1084 1555 1251 1645 praesentit

301 1688 521 1773 ,ostendere,
551 1708 614 1756 non
642 1687 709 1757 sine
735 1690 841 1772 aliquo
867 1690 997 1757 custode
1024 1702 1144 1755 tentum
1169 1704 1250 1771 opns
1296 1715 1301 1722 “

300 1864 322 1903 ,,
341 1833 441 1901 stare,
461 1835 518 1883 nee
534 1830 595 1883 cet.
616 1850 658 1870 -
676 1818 694 1899 (
703 1819 735 1901 s.
752 1821 811 1901 4.)
833 1818 898 1885 Suo
924 1818 982 1883 ista
1005 1812 1136 1899 tempori
1153 1832 1253 1882 reser-

263 1913 269 1926 ⁴
300 1992 322 2029 „
342 1943 495 2012 ventur.”
536 1941 707 2025 Dubitant,
736 1960 870 2025 quonam
894 1942 969 2008 haee
996 1939 1152 2009 referenda
1172 1940 1249 2008 sint.

295 2074 381 2140 Cum
406 2070 485 2136 enim
509 2068 576 2155 Ep.
599 2069 681 2150 106,
706 2070 788 2148 ¹08,
813 2083 884 2149 109·
907 2066 997 2147 plane
1016 2067 1108 2135 simili
1134 2068 1251 2136 ratione

297 2198 419 2266 Lucilio
452 2194 564 2262 scribat
597 2212 652 2275 ea,
684 2212 762 2276 quae
789 2192 840 2259 ille
865 2193 1084 2276 quaesivisset,
1115 2213 1252 2263 commo·

296 2325 366 2392 dius
391 2319 530 2404 explicari
552 2338 646 2403 posse
678 2319 788 2401 libris,
817 2338 993 2403 quoscum
1017 2320 1145 2389 maxime
1171 2321 1252 2388 ordi·

293 2469 404 2534 naret,
434 2464 527 2517 totam
553 2448 695 2514 moralem
720 2447 933 2531 philosophiae
951 2463 1067 2531 partem
1090 2449 1252 2518 eontinen-

207 2598 210 2603 ’
294 2599 341 2652 tes
360 2583 428 2666 (26
444 2591 475 2664 l,
497 2576 619 2644 eosdem
643 2573 692 2642 hic
718 2574 844 2662 intelligi
868 2591 956 2660 putat
973 2575 1249 2664 Ruhkopfius.

295 2713 411 2779 Verum
437 2707 573 2793 quaestio
594 2710 633 2776 de
653 2707 844 2776 Providentia
868 2726 971 2775 nonne
995 2711 1101 2791 potius
1124 2709 1247 2777 adeam

296 2837 509 2923 philosophiae
532 2849 648 2920 partem
672 2836 821 2918 pertinere
841 2836 990 2901 censenda
1015 2849 1082 2916 est,
1112 2852 1192 2917 quae
1209 2834 1249 2903 de

294 2965 387 3042 nebus
410 2963 530 3033 Divinis
556 2967 654 3050 (27)
683 2980 774 3049 quam
793 2961 832 3028 ad
851 2959 1015 3040 moralem,
1037 2977 1115 3043 quae
1134 2957 1173 3025 de
1189 2942 1248 3025 hm

1186 3104 1252 3154 tna·

289 3246 314 3320 „
329 3255 421 3304 tutem
442 3237 561 3312 eunii,
585 3246 619 3298 nt
640 3238 716 3298 bene
738 3238 883 3313 viverem,
910 3233 941 3296 in
956 3245 1121 3307 senectute,
1146 3243 1180 3293 nt
1201 3229 1256 3292 be·

286 3384 312 3421 „
330 3359 368 3403 ne
390 3334 524 3398 moriar.”

322 3435 416 3515 (eti)
433 3431 490 3508 Ep,
520 3426 587 3500 1⁰6,
619 3429 648 3506 §.
673 3448 691 3491 e
719 3429 775 3491 aits
814 3469 838 3502 „
858 3428 918 3489 acle
945 3427 1021 3488 enlm
1043 3426 1253 3488 nemoralem

163 3544 165 3549 ’
287 3575 312 3612 „
328 3526 541 3610 philosophiam
563 3526 639 3585 velle
660 3524 839 3600 complecti,
866 3537 895 3583 et
921 3537 1019 3584 omnes
1044 3523 1079 3584 ad
1101 3537 1164 3584 eam
1186 3536 1255 3599 per·

288 3671 312 3704 „
329 3632 449 3688 eluentes
472 3622 652 3700 qneestloner
681 3621 846 3696 explicares
871 3633 900 3679 et
924 3617 980 3696 lp.
1004 3623 1105 3696 seps.
1131 3638 1176 3691 le·
1199 3638 1248 3697 ep.

286 3729 375 3803 pellat
398 3726 512 3789 monile
544 3719 747 3798 philosophiae
769 3716 926 3779 volumine.
963 3714 1129 3778 Lactantius
1150 3730 1190 3776 ex
1212 3716 1253 3777 lle

287 3824 442 3899 imgmenta
464 3823 600 3899 quiedam
622 3816 756 3879 servavit.
1046 3886 1051 3895 ,

326 3924 412 3998 (sy)
431 3919 549 3981 Stoicoe
571 3917 799 3995 quidemloenm
821 3910 860 3972 de
883 3910 963 3972 Deo
985 3909 1021 3969 ed
1035 3906 1155 3985 physice
1176 3921 1254 3970 reto·

283 4018 352 4080 llese
373 4016 461 4077 docet
476 4014 585 4093 nipe.
600 4009 719 4088 Phinei.
744 4007 868 4070 Stalai.
888 4025 919 4070 α.
937 4004 1003 4066 diss.
1019 4021 1050 4076 3.
1086 4008 1184 4068 Locus
1203 4021 1254 4065 en·

1195 4115 1253 4163 tem
