3150 5175
734 490 857 522 ...
1197 484 1255 571 ‚⁶9
1339 478 1362 500 .,

735 528 858 549 hun-—

340 687 450 760 tatem,
488 691 523 744 et·
553 692 643 758 qnam
676 669 813 755 expedita
846 671 942 742 (ineat⁴
971 668 1032 737 via.
1083 669 1158 737 Non
1189 686 1252 741 tam

292 845 297 856 -
336 805 443 890 longas
474 804 507 869 in
541 800 625 870 exitu
655 799 765 883 vobis,
798 819 889 884 quant
904 779 1126 882 intrantibus,
1147 818 1248 868 moras
1362 827 1367 847 ·

293 985 297 992 ·
335 936 446 1021 posui:
475 930 590 1013 alioqui
609 947 751 1013 magnum
776 929 808 993 in
831 947 888 995 vos
913 946 1039 1014 regom
1060 925 1185 996 fortuna
1198 941 1253 995 te·

187 1049 191 1057 ’
294 1113 298 1118 .
335 1064 478 1143 nuisset,
505 1061 533 1128 si
556 1062 650 1134 homo
677 1075 737 1129 tam
762 1063 844 1129 tarde
861 1075 1052 1145 moreretur,
1074 1078 1165 1143 quam
1185 1077 1255 1126 nas·

294 1188 427 1272 7citnr.
479 1187 579 1256 Omne
611 1203 755 1273 tempus,
796 1189 897 1255 omnis
923 1208 982 1257 vos
1008 1190 1096 1257 locus
1121 1190 1252 1272 doceat,

284 1338 291 1350 ·
339 1334 442 1397 qnam·
455 1313 542 1381 facile
566 1315 605 1382 sit
630 1315 800 1383 renuntiare
818 1330 961 1391 manime,
982 1329 1012 1382 et
1029 1335 1141 1386 munus
1159 1337 1252 1388 stunn

338 1443 384 1514 illi
417 1443 592 1528 impingere.
641 1446 725 1512 Inter
749 1446 817 1529 ipsa
842 1445 943 1513 altaria
970 1459 1001 1511 et
1028 1446 1180 1513 solemnes
1204 1465 1254 1513 sa·

335 1571 531 1640 criiicantium
553 1574 650 1655 ritus,
673 1575 746 1641 dnm
774 1587 898 1658 optatur
918 1574 1002 1657 vita,
1034 1586 1162 1639 mortem
1178 1591 1254 1641 con·

334 1704 451 1772 discite.
496 1703 638 1786 Corpora
660 1702 761 1787 opima
780 1718 936 1771 taurorum
959 1701 1252 1789 exignoconcidnnt

333 1833 479 1911 vulnere,
506 1845 536 1895 et
554 1850 728 1915 magnarum
747 1832 857 1900 virium
875 1817 1009 1900 animalia
1025 1833 1174 1902 hnmanae
1192 1821 1256 1901 tna·

336 1976 396 2024 nus
424 1959 510 2024 ictus
528 1956 667 2042 impellit.
710 1962 795 2024 tenni
822 1958 906 2026 ferro
932 1962 1133 2029 commissura
1156 1959 1253 2027 cervi·

338 2085 383 2151 cis
401 2086 610 2170 abrumpitur:
639 2101 670 2151 et
692 2106 787 2169 quum
816 2089 966 2154 articulus
991 2090 1064 2171 ilie,
1084 2087 1139 2169 qni
1160 2100 1255 2168 caput

255 2285 260 2296 ,
337 2214 511 2296 collumque
534 2213 710 2293 connectit,
740 2214 943 2294 incisorem,
971 2223 1053 2282 tanta
1084 2214 1133 2279 ilia
1156 2214 1253 2279 moles
1291 2193 1293 2198 ¹

295 2341 463 2409 8corruit.
511 2342 588 2408 Non
619 2340 650 2406 in
683 2342 745 2407 alto
778 2341 851 2407 latet
876 2338 1021 2423 spiritns,
1059 2355 1116 2404 nee
1145 2336 1253 2420 ntique

336 2472 419 2540 ferro
451 2472 601 2541 eruendus
636 2484 704 2538 est:
742 2489 807 2537 non
847 2485 920 2538 sunt
951 2471 1076 2538 vnlnere
1102 2468 1252 2552 impresso

335 2603 459 2686 penitus
492 2602 652 2670 scrutanda
686 2599 888 2683 praecordia:
929 2599 962 2665 in
994 2597 1134 2683 proximo
1168 2618 1252 2666 mors

338 2744 399 2796 est.
443 2729 520 2794 Non
545 2741 661 2792 certum
688 2726 726 2791 ad
758 2727 818 2790 hos
833 2725 926 2792 ictus
955 2722 1102 2794 destinavi
1127 2730 1250 2795 locum:

339 2871 520 2939 quacunque
544 2849 684 2935 pervium
711 2851 1026 2939 cenomanniae
1051 2857 1137 2936 quod
1164 2874 1255 2922 voca·

1201 2994 1255 3049 tnr

295 3132 310 3185 ⁴,
327 3192 357 3247 7.
374 3173 512 3247 Abrump.
533 3170 612 3230 idem
636 3168 830 3245 adrumpitur·

329 3273 415 3331 corn.
440 3275 486 3329 lta
512 3269 607 3330 Gron.
628 3272 695 3327 Non
713 3281 807 3327 tamen
830 3267 984 3343 spernenda
1007 3269 1121 3328 ridetur
1142 3268 1259 3345 antiqua

288 3370 399 3442 lectio,
416 3382 501 3444 qnam
517 3366 660 3428 tnetnr'et
675 3365 757 3428 Febr.
769 3367 1188 3442 commertia,i.e.conlnngit,
1205 3383 1261 3428 nn·

288 3465 329 3526 de
356 3469 536 3527 commissura
565 3463 683 3525 dicitnr.
728 3465 837 3526 Senecs
867 3466 987 3524 verbnm
1018 3466 1077 3524 hoc
1105 3480 1144 3524 eo
1171 3468 1259 3523 aenan
1377 3520 1383 3526 .

288 3565 374 3640 ponit
396 3564 483 3622 etiam
505 3560 580 3621 Nat.
595 3561 633 3638 Q,
656 3565 705 3633 113
726 3579 765 3631 a,
782 3581 823 3633 α,
841 3561 892 3620 nbi
917 3563 1070 3623 discrimen
1093 3563 1168 3620 inter
1189 3577 1262 3620 corn·

287 3660 399 3720 nissum
423 3671 452 3716 et
472 3662 633 3717 continuant
658 3657 792 3732 exponit.

326 3754 358 3816 8.
385 3753 474 3829 impr.
485 3766 517 3830 p.
533 3771 588 3814 scr.
608 3753 730 3813 Melior·
750 3752 903 3824 videntur,
922 3761 1007 3828 qnam
1022 3750 1198 3828 quaenunt.
1211 3749 1261 3811 lra-

233 3842 237 3847 ’
288 3851 339 3913 bet
355 3855 474 3928 penitas
500 3856 631 3926 impresso
654 3861 797 3912 scrutata.

328 3949 493 4007 Declinavi.
535 3946 614 4006 Idem
642 3948 798 4005 extimari.
846 3944 922 4004 Voci
958 3957 1042 4021 perv.
1070 3942 1184 4021 pnngit
1214 3947 1257 4008 ina

288 4048 345 4108 Pro
366 4046 481 4106 brevius
507 4042 591 4104 habet
613 4044 727 4118 brevis,
745 4050 775 4102 et
799 4041 907 4103 omittit
923 4053 969 4102 ut.

779 4139 831 4213 13
1199 4136 1260 4200 Νο-
1346 4185 1348 4188 -
