3150 5175
355 459 402 549 ³0*
572 456 917 522 .,n

352 645 475 731 inquam
500 659 602 731 gratus
628 645 677 711 ille
708 661 817 711 sensus
844 646 1022 716 seruabitur.
1074 646 1159 715 Ferit
1190 649 1309 717 Auctor

351 777 488 841 omnium
527 774 676 839 bonorum
717 771 827 851 Deus,
858 787 894 838 ut
923 773 974 838 diu
1006 773 1107 840 multis
1133 774 1207 841 tales
1237 794 1305 841 esse

350 903 503 989 possitis,
540 900 643 982 quales
678 897 753 963 mihi
787 897 909 980 fuistis3
941 901 1062 982 longam
1092 898 1181 966 vobis
1213 899 1308 965 vitam

351 1032 440 1100 faciat
460 1048 531 1097 cum
565 1025 789 1107 felicissimam,
818 1039 903 1091 tum<
924 1026 1102 1092 Academiae
1132 1025 1307 1110 Patriaeque

348 1151 637 1225 fructuosissimam.
688 1149 777 1233 Vos,
821 1146 895 1214 Vtri
925 1151 1117 1236 Clarissimi,
1157 1153 1303 1236 amicitia,

349 1305 485 1370 quaeso,
505 1282 616 1353 Vestra
637 1282 784 1366 prosequi
813 1300 862 1348 me
886 1283 1033 1367 pergatis.

390 1415 502 1498 Neque
527 1414 576 1482 Te
601 1412 719 1494 silebo,
749 1415 878 1478 multum
909 1413 1095 1492 venerande,
1125 1413 1307 1480 Doctissime

347 1544 456 1611 Voct
489 1562 565 1610 van
599 1544 802 1626 Campen!
834 1543 886 1623 qui
913 1561 961 1606 me
993 1562 1121 1624 puerum
1148 1563 1207 1610 una
1234 1562 1305 1610 cum

345 1674 462 1755 collega
489 1661 655 1753 quondam
673 1655 768 1749 Tun,
800 1671 890 1750 quem
922 1665 1030 1737 Virum
1053 1694 1055 1698 ·
1067 1686 1149 1755 grata
1179 1689 1305 1751 quoque
1386 1767 1388 1770 Ι

345 1797 489 1862 memoria
515 1779 626 1878 servo,
649 1795 844 1866 Samuele
865 1786 1062 1883 verwey,
1091 1798 1190 1865 latinis
1212 1800 1303 1865 literis

346 1939 377 1991 et
398 1923 582 1991 Graecarum
607 1927 761 1996 elementis
798 1927 945 1995 imbuisti.
997 1928 1106 1995 Postea
1130 1945 1202 1992 vero
1231 1944 1303 1992 cum

345 2051 514 2121 studiorum
539 2069 629 2118 causa
663 2052 788 2120 Leidam
823 2056 1051 2142 proficiscerer,
1081 2058 1177 2124 laetus
1204 2056 1236 2121 in
1264 2075 1302 2121 eo

268 2163 272 2172 ¹
344 2183 473 2253 Divinae
500 2181 705 2250 Providentiae
727 2155 831 2251 curam
848 2161 1022 2268 recordor,
1054 2186 1139 2270 quod
1169 2185 1221 2252 Tu
1251 2205 1303 2252 eo·

326 2312 412 2400 ¹ciem
440 2329 566 2381 vocatus
592 2333 640 2378 me
673 2313 875 2381 contubernio
900 2316 1060 2397 recepisti,
1091 2334 1208 2397 perque
1234 2334 1303 2396 scp-
1362 2357 1366 2362 -

342 2409 402 2505 tem
433 2456 463 2504 et
495 2440 579 2520 quod
606 2440 738 2504 excurrit
765 2458 862 2505 annos
898 2459 931 2505 ea
962 2443 1145 2507 'domesticae
1172 2461 1301 2506 consue·

342 2563 454 2629 tudinis
481 2563 664 2634 humanitate
695 2583 879 2647 prosecutus
920 2585 975 2646 es,
1014 2582 1050 2632 ιιι
1080 2581 1146 2633 toto
1178 2585 1302 2651 pectore

336 2692 396 2768 ‘me
410 2693 582 2760 devinctum
609 2692 683 2758 Tibi
706 2693 855 2775 sentiam,
873 2695 959 2776 Tui,
982 2696 1185 2779 Tuorumque
1197 2747 1217 2777 ,1
1233 2700 1299 2780 qui·

339 2824 399 2892 bus
427 2824 541 2910 optima
569 2824 695 2905 quaevis
725 2823 811 2890 Deus
844 2824 982 2907 tribuat,
1013 2843 1168 2908 nunquam
1196 2826 1300 2925 imme·

339 2973 408 3022 mor
427 2954 564 3022 futurus.

382 3083 483 3149 Vobis
520 3082 673 3164 denique,
711 3083 944 3148 Commilitones
979 3083 1182 3152 Amicissimi!
1216 3086 1299 3153 triste

337 3212 415 3277 iilud
435 3211 547 3276 Valata
571 3210 651 3274 dico.
696 3207 817 3272 Multos
838 3211 897 3291 jam
923 3209 1063 3275 desidero
1087 3212 1222 3291 priorum
1247 3232 1299 3278 an·

339 3355 449 3402 norum
478 3336 610 3415 amicos,
633 3353 713 3416 quos
742 3349 796 3402 aut
832 3353 916 3400 murs
944 3336 1068 3419 rapuit,
1105 3352 1157 3404 aut
1189 3340 1298 3406 studiis

340 3464 487 3532 absolutis
516 3467 594 3532 vitae
607 3483 723 3531 ⁴cursus
748 3462 808 3529 alio
824 3458 965 3543 'vocavis
1009 3464 1179 3565 Supersunt
1197 3436 1306 3534 tamen*

236 3626 241 3634 ·
337 3580 371 3662 in
399 3591 578 3672 Academia,
608 3566 742 3675 quorum
772 3574 812 3658 'et'
829 3590 1049 3679 jucundissima
1077 3596 1235 3664 miiri‘fuit
1264 3614 1326 3695 et,

338 3726 421 3794 utilis
438 3722 631 3791 familiaritas.
675 3723 761 3803 Vos,
788 3722 988 3787 Amicissimi!
1023 3721 1103 3788 felici
1125 3741 1202 3807 opto
1225 3698 1294 3792 suc·

339 3876 429 3923 cessu
456 3874 532 3936 quae
558 3866 673 3918 restant
700 3871 793 3934 opera
821 3853 990 3935 peragatis,
1023 3868 1053 3916 et
1076 3855 1106 3917 in
1132 3874 1298 3936 quemcun-

332 4001 402 4062 -que
428 3985 526 4050 locum
550 3960 619 4052 sitis
645 3983 776 4088 abituri,
807 3982 891 4051 firma
918 4001 1034 4052 maneat
1061 3986 1139 4055 inter
1167 4007 1226 4057 nos
1256 4008 1292 4054 ac
1400 3979 1405 3986 ’

333 4107 455 4178 stabilis
476 4112 615 4184 amicitia·

1252 4202 1305 4306 ιε,
