3150 5175
355 586 416 658 bus
437 595 573 658 utuntur.
613 579 713 678 Caedi
741 598 776 678 re
804 575 965 660 vexorique
993 577 1171 662 patiuntur,
1193 580 1268 648 etsi

354 729 420 786 non
444 712 601 786 invenient
627 709 766 792 singulos
782 725 895 792 pares,
919 705 1056 788 pluribus
1067 706 1166 790 ⁸,siurul
1189 708 1268 792 obji-

314 841 490 932 3cinntur.
530 837 649 913 Murcet
677 836 741 901 sine
763 836 932 903 edversario
956 836 1062 904 virute.
1106 836 1198 904 Tunc
1214 854 1271 920 ap·

354 983 461 1055 paret,
491 982 603 1050 quantu
630 968 693 1051 sit,
732 984 881 1050 quantum
917 969 1034 1051 valeat,
1073 969 1267 1051 polleatque,

356 1113 428 1166 curn
456 1096 531 1179 qnid
561 1097 681 1179 possit,
707 1098 848 1180 patientia
882 1097 1025 1163 ostendit.
1063 1096 1145 1162 Scias
1175 1095 1269 1175 iicet,

359 1226 438 1291 idern
482 1225 554 1293 viris
594 1226 684 1291 bonis
725 1246 792 1292 esse
821 1224 1021 1305 faciendum,
1058 1239 1093 1291 ut
1130 1225 1204 1290 dura
1239 1242 1273 1289 ac

359 1354 486 1424 difficilia
523 1373 586 1421 non
627 1355 844 1435 reformident,
882 1373 937 1418 nec
974 1353 1011 1416 de
1046 1351 1110 1417 foto
1147 1370 1276 1432 queran-

360 1497 424 1551 tur,
466 1481 625 1570 Quidquid
650 1481 777 1560 accidit,
800 1479 872 1544 boni
889 1476 1072 1556 consulant,
1102 1478 1135 1541 in
1156 1478 1273 1544 bonum

359 1626 488 1680 vertent,
530 1610 607 1675 Non
627 1611 723 1690 quid,
750 1608 807 1674 sed
828 1606 1081 1687 quemadmodum
1108 1603 1210 1685 feras,
1231 1606 1277 1669 in-

358 1750 463 1804 teron.
505 1736 580 1806 Non
606 1733 690 1802 vides
714 1748 831 1815 quanto
854 1733 940 1800 aliter
956 1746 1082 1815 putres,
1102 1730 1187 1797 aliter
1213 1750 1277 1796 tua·

359 1875 424 1927 tres
462 1861 661 1945 indulgeant?
710 1861 756 1927 Ilii
791 1860 911 1927 excitari
942 1861 1052 1960 jubent
1091 1858 1203 1925 tureros
1238 1858 1278 1924 ad

361 1990 460 2056 studia
482 1991 625 2082 obeunda
650 1997 796 2073 mature,
809 1990 922 2058 feriatis
946 2011 1070 2076 quoque
1093 1992 1199 2061 diebus
1214 2008 1278 2056 non

287 2119 290 2130 i
361 2117 516 2201 patiuntur
540 2141 607 2188 esse
632 2121 771 2202 otiosos,
794 2137 824 2186 et
849 2123 991 2189 sudorem
1020 2122 1100 2204 illis,
1134 2137 1164 2187 et
1188 2122 1280 2187 inter·

363 2251 436 2318 durn
455 2249 620 2333 lacrymas,
644 2252 818 2319 excutiunt:
840 2267 871 2316 ot
891 2271 1000 2317 matres
1016 2242 1121 2318 fouere
1135 2251 1166 2315 in
1178 2251 1278 2332 eino,

1201 2397 1277 2441 COR·

317 2541 377 2605 itoe
398 2540 520 2600 ruerunt
542 2539 656 2599 videtur
680 2556 695 2597 r
720 2553 782 2615 sqq.
808 2579 830 2612 „
849 2553 882 2598 ut
905 2539 975 2598 totis
998 2552 1097 2600 contre
1120 2541 1200 2617 ipsos
1221 2539 1288 2601 viri·
1316 2592 1318 2596 ,

318 2678 343 2713 ,,
361 2639 414 2697 buo
437 2636 578 2696 utantur.’'

358 2756 386 2808 ³·
426 2736 546 2812 Quanta
568 2736 624 2803 tit,
643 2742 745 2806 quant.
769 2734 831 2794 rai.
846 2733 1017 2808 polleatque.
1044 2732 1216 2793 Lectionenr
1239 2751 1288 2794 un·

318 2834 427 2907 tiquam
449 2828 562 2890 schotti
585 2843 615 2886 et
637 2828 729 2903 Lipsii
754 2830 889 2900 restitui,
915 2833 1133 2900 nervosiorem‚
1161 2845 1195 2890 ut
1211 2832 1290 2891 vide·

319 2934 385 3000 tur,
412 2943 461 2998 et,
488 2941 571 3001 quarn
596 2925 700 2984 habent
727 2925 819 2984 Gron.
842 2941 870 2984 et
894 2925 996 2986 Rubi.
1019 2940 1158 3001 quantum
1191 2930 1291 3001 ualeat

319 3035 511 3099 quantumque
536 3023 655 3096 polleat.
692 3020 759 3079 Nisi
791 3020 868 3077 forte
899 3024 985 3078 verbo
1010 3035 1147 3094 quantum
1162 3027 1227 3095 ivai.
1252 3041 1290 3082 ex

319 3120 555 3194 interpretatione
579 3117 609 3173 in
629 3131 740 3173 textum
757 3117 936 3189 irrepserint,
958 3133 990 3174 ut
1014 3134 1079 3176 enm
1106 3123 1196 3178 veteri
1220 3136 1292 3193 quu-

323 3217 386 3274 urm
407 3216 536 3271 tectione
561 3212 642 3268 Pioc.
664 3222 693 3268 et
715 3222 843 3283 utroque
867 3209 945 3270 Cod.
968 3215 1051 3276 Leid.
1067 3214 1219 3289 legendum
1234 3218 1292 3277 site

321 3305 432 3386 ¹q‘rumia
447 3312 487 3366 sit
508 3319 699 3380 quantumque
717 3307 833 3381 polleat.

358 3405 437 3468 Idem
459 3408 520 3464 vir.
534 3406 596 3464 bon.
614 3424 669 3465 esse
683 3403 748 3478 fac.
784 3411 870 3467 Voss,
882 3414 947 3478 sae.
968 3409 1003 3469 ed
1013 3412 1078 3471 bon.
1093 3411 1183 3483 uiris,
1199 3411 1293 3472 minus
1408 3437 1410 3442 ·

323 3519 485 3566 numerose.
523 3505 604 3563 idem
625 3521 696 3565 mox
719 3517 748 3563 et
769 3505 851 3581 diffie.
873 3514 927 3584 'pro
948 3528 985 3569 ac
1007 3509 1088 3585 diffie.

326 3612 330 3623 ⁴
361 3603 542 3676 indulgeant.
583 3609 731 3678 Proprium
755 3609 876 3663 verbum
898 3609 926 3666 in
954 3623 1101 3686 parentum
1132 3621 1198 3680 ergo
1219 3596 1294 3667 iibe-

323 3718 372 3763 rot
395 3716 509 3769 rmore,
534 3696 587 3774 qui
608 3700 677 3758 inde
699 3701 806 3760 dicitur
828 3703 1023 3779 indulgentia,
1043 3705 1133 3762 veluti
1155 3721 1200 3779 up.
1216 3707 1296 3764 Nos·

323 3801 398 3860 trum
413 3798 519 3859 Consti,
540 3798 583 3856 ad
594 3795 679 3855 Heri.
701 3798 788 3868 le,
809 3814 836 3870 3.
850 3801 935 3870 xvi,
970 3807 999 3861 6.
1019 3802 1088 3859 Non
1109 3802 1197 3872 igitur
1221 3816 1294 3877 opus

325 3908 369 3954 ert
394 3911 451 3963 eo,
477 3893 557 3969 quod
580 3907 649 3970 post
673 3907 781 3952 matres
809 3894 921 3954 additur
945 3899 973 3954 in
996 3903 1085 3957 voss.
1101 3896 1180 3970 filiis.
1290 3922 1292 3928 ·

247 4056 249 4061 ,
363 3987 511 4050 excecari.
549 3991 644 4052 Ambo
672 3990 761 4052 codd.
783 3995 963 4068 exercitari,
988 3996 1081 4056 minus
1102 3997 1258 4070 eleganter.

1221 4090 1295 4148 Tris·
