3150 5175
723 447 847 508 Ξ
1221 449 1266 533 67

306 651 309 654 ·
345 655 416 706 cum
447 632 608 721 aliquando
635 629 695 717 ipsi
725 635 850 717 patriam
888 651 953 702 non
987 629 1142 721 repetituri
1172 640 1261 708 relin-

341 766 463 848 quant?
502 812 523 845 „
544 762 747 831 Occiduntur.
755 763 777 791 '’
811 765 939 847 quidni,
968 785 1062 834 cuum
1088 769 1250 851 aliquando

339 895 399 978 ipsi
424 893 482 960 sibi
514 910 622 958 manus
647 885 799 957 afferant?
838 938 858 974 „
879 893 981 980 Quare
1005 896 1151 977 quaedam
1181 899 1257 967 dura

326 1033 362 1104 ‘„
381 1015 594 1105 patiuntur?”
623 1035 658 1087 ut
676 1021 751 1087 alios
775 1023 838 1104 pati
862 1023 1008 1090 doceant:
1040 1027 1104 1092 nati
1132 1041 1204 1093 sturt
1223 1029 1256 1094 in

297 1149 497 1248 pexemplar.
541 1150 618 1216 Puta
644 1150 745 1231 itaque
770 1150 872 1217 Deum
898 1150 1013 1219 diceret
1047 1152 1175 1243 „Quid
1200 1157 1255 1222 ha·

338 1324 360 1362 „
380 1253 482 1359 beris,
514 1278 598 1360 quod
624 1278 661 1343 de
688 1296 736 1342 me
762 1275 851 1361 queri
876 1278 1002 1362 possitis
1027 1298 1107 1365 vos,
1138 1283 1251 1365 quibus

334 1421 413 1472 recta
437 1406 642 1488 placuerunt?
672 1406 750 1472 Aliis
779 1405 861 1472 bona
890 1405 966 1474 falsa
992 1407 1196 1492 circumdedi,
1219 1426 1250 1477 et

285 1542 288 1550 ’
328 1531 444 1600 animos
472 1535 575 1599 inanes
604 1535 688 1601 velut
715 1535 810 1619 longo
827 1531 987 1619 fallacique
1015 1537 1137 1605 somnio
1166 1539 1247 1621 iusi,

328 1671 402 1729 auro
429 1663 499 1729 illos
522 1677 648 1747 argento
672 1677 704 1729 et
731 1664 823 1730 ebore
847 1665 972 1733 ornavi:
1002 1664 1086 1735 intru
1107 1664 1183 1733 boni
1205 1668 1252 1733 ni·

284 1796 289 1806 '
326 1792 370 1856 hil
390 1806 447 1857 est.
492 1792 565 1872 Isti,
588 1807 668 1873 quos
687 1811 745 1874 pro
768 1791 911 1861 felicibus
934 1793 1092 1878 aspicitis,
1113 1794 1246 1880 sinon,

315 1928 389 2000 ‘q'ua
417 1932 607 1999 occurrunt,
634 1919 689 1983 sed
713 1938 773 2000 qua
804 1920 922 2001 latent,
952 1921 1108 2006 videritis,
1141 1926 1248 1994 miseri·

278 2101 283 2116 t
327 2049 423 2127 sunt,
450 2046 587 2127 sordidi,
614 2060 742 2128 turpes,
770 2048 808 2112 ad
835 2046 1062 2115 similitudinem
1092 2051 1241 2132 penem

323 2194 450 2246 suorum
476 2173 663 2261 extrinsecus
689 2173 776 2239 culti.
828 2171 904 2241 Non
929 2189 976 2240 est
1002 2176 1060 2241 ista
1086 2177 1186 2243 solida
1207 2191 1239 2243 et

214 2306 218 2313 “
322 2304 438 2370 sincera
472 2303 621 2370 felicitas:
659 2317 761 2367 crusta
799 2316 867 2384 est,
905 2318 936 2368 et
970 2301 1091 2384 quidem
1125 2306 1238 2371 tenuis.

277 2434 423 2518 uitaque
446 2433 518 2500 dum
538 2431 597 2498 illis
623 2430 693 2497 iicet
717 2446 821 2512 stare,
852 2432 944 2497 etad
968 2431 1123 2500 arbitrium
1147 2449 1239 2500 suurn

281 2596 284 2602 Α
317 2562 458 2645 ostendi,
485 2564 582 2628 nitent
601 2575 632 2626 et
649 2561 832 2644 imponunt:
856 2580 951 2643 quum
971 2560 1086 2645 aliquid
1110 2562 1236 2645 incidit,

316 2692 403 2774 quod
436 2691 586 2757 disturbet
618 2707 653 2755 ac
679 2688 822 2773 detegat,
858 2704 932 2756 tunc
958 2704 1107 2772 apparet,
1137 2710 1235 2774 quan·

315 2833 382 2885 tum
408 2819 484 2884 altae
506 2836 540 2882 ac
570 2834 656 2882 verae
682 2815 837 2882 foeditatis
864 2817 980 2883 ahenos
1012 2818 1156 2900 splendor
1180 2818 1236 2883 ab·

252 3023 255 3029 ,
315 2945 480 3018 sconderit.
522 2944 623 3011 Vobis
639 2944 707 3011 dedi
724 2945 807 3011 bona
831 2958 932 3026 certa,
953 2961 1113 3010 mansura:
1137 2958 1234 3026 quan·
1296 3038 1299 3045 .

312 3090 346 3143 to
371 3076 467 3160 tnagis
483 3073 694 3158 veronensis,
727 3088 759 3139 et
775 3073 910 3154 undique
935 3070 1148 3155 inspexeritis,
1169 3091 1232 3138 me·

274 3218 280 3231 ⁶
309 3205 391 3291 liora
413 3207 597 3290 majoraque.
650 3203 774 3270 Permisi
810 3201 925 3285 vobis,
964 3203 1124 3271 metuenda
1155 3220 1231 3270 con·

1162 3346 1224 3399 tem

280 3607 363 3665 18th
381 3619 487 3662 maner.
508 3597 590 3660 Fabr.
611 3598 728 3658 inverso
757 3597 876 3667 ordine,
894 3610 926 3656 ut
952 3613 1034 3674 supra
1055 3604 1110 3659 111.
1129 3615 1173 3660 u.

297 3720 325 3773 3.
343 3708 434 3775 Longo
451 3698 522 3774 fall.
541 3697 623 3757 Febr.
640 3697 740 3769 longua
747 3692 897 3767 facilique.
935 3695 1011 3754 Mox
1036 3707 1065 3753 et
1088 3710 1223 3768 argentos·

282 3802 370 3857 ὀνκ.
397 3796 482 3854 urar.
498 3795 651 3855 admove
689 3792 729 3850 Et
747 3806 820 3849 'mox
842 3805 965 3850 current
987 3809 1042 3865 pro
1065 3803 1230 3852 ocurrunt.

294 3912 330 3970 4.
351 3894 429 3953 Vers.
444 3904 474 3950 et
486 3891 554 3952 und.
577 3897 650 3967 insp.
669 3889 1045 3962 inmansuetusque
1059 3901 1089 3947 er
1106 3885 1229 3964 undaque

254 3997 419 4071 inspexerit.
451 3989 600 4052 pulchrius
622 3988 694 4052 illud
716 3986 840 4049 videtur.

703 4106 832 4175 ,μ
