3150 5175
362 676 508 762 quaedam
543 674 728 744 Senecae
765 672 1047 758 indicantirqla
1086 693 1186 760 neque
1224 691 1326 749 tamen

364 804 542 875 sententiam
571 803 649 870 hanc
680 799 927 886 Ruhkopfio
945 802 1106 887 probauit,
1135 806 1188 889 qui
1205 806 1324 892 Praefi

363 931 438 1001 Vol.
461 953 493 998 a.
516 948 551 1019 p.
577 930 667 1001 xlv.
691 930 909 998 Cornelio
928 930 1050 1013 quidem
1070 904 1341 1022 abjudicandum

360 1076 426 1128 non
448 1058 520 1125 item
549 1056 720 1127 Lucilio
743 1056 956 1158 vindicandum
984 1075 1100 1128 censet.

400 1181 546 1257 ceterum
573 1184 623 1252 hic
646 1184 775 1253 amicitia
791 1186 895 1254 floruit
916 1187 980 1254 Cn.
1000 1186 1126 1276 Lentuli
1139 1181 1322 1275 Gaetulici,

358 1316 466 1404 poitae
490 1328 522 1380 et
545 1313 706 1395 historici,
735 1313 830 1383 occisi
853 1334 870 1380 a
900 1315 1060 1399 Caligula,
1087 1331 1248 1402 postquam
1272 1318 1327 1385 de·

361 1464 428 1512 cem
456 1462 552 1511 annos
578 1442 757 1509 Germaniae
782 1441 954 1525 praefuerat
980 1423 1094 1527 ('18);
1124 1459 1190 1512 tum
1216 1446 1323 1513 Aebu-

360 1570 439 1641 tium
461 1570 653 1651 Liberalem,
679 1570 722 1636 ad
748 1588 839 1651 quem
868 1568 937 1635 libri
957 1568 996 1635 da
1026 1567 1185 1651 Beneficiis
1212 1572 1318 1656 scripti

361 1712 457 1782 sunt,
487 1713 677 1764 communem
711 1710 742 1762 et
770 1694 951 1762 Senecae
983 1710 1014 1761 et
1046 1694 1158 1764 Lucilii
1190 1697 1320 1767 amicum

361 1822 458 1894 fauisse
491 1821 642 1908 signifieat
669 1822 779 1913 Epist.
801 1841 841 1906 91
874 1826 952 1892 init.
995 1868 1016 1903 „
1037 1823 1185 1892 Liberalis
1214 1841 1322 1893 noster

360 2000 384 2041 ‚‚
402 1972 485 2022 nunc
507 1953 603 2021 tristis
634 1967 702 2036 est,
731 1952 870 2021 nantino
903 1953 1065 2037 incendio,
1096 1972 1163 2036 qun
1187 1954 1319 2041 Lugdu·

352 2075 380 2167 ‘„
401 2085 502 2150 nensis
530 2065 656 2149 'colonia
686 2095 794 2149 exusta
821 2081 907 2149 est.’²
944 2081 1085 2165 Inprimis
1112 2096 1214 2149 autem
1243 2102 1314 2150 eum

352 2210 506 2280 Seneca
533 2208 732 2278 familiaritate
750 2210 867 2293 coluit,
896 2209 1078 2306 maximique
1101 2208 1197 2295 fecit3
1229 2210 1315 2295 quod

351 2327 676 2421 indicantepistolae‚
704 2335 877 2419 inquibus
911 2355 976 2405 non
1015 2339 1108 2404 modo
1141 2337 1318 2421 frequenter

288 2549 289 2554 Ἰ
352 2485 424 2534 enm
450 2465 491 2531 ita
512 2461 692 2546 compellat:
719 2461 862 2541 „Lucili
885 2463 1019 2530 virorum
1048 2462 1182 2547 optime,
1213 2463 1316 2531 Lucili

357 2639 379 2678 „
399 2589 606 2673 ca‘rissime‚”
644 2587 699 2657 sed
734 2586 939 2666 saluberrimis
970 2576 1140 2673 praeceptis
1176 2591 1317 2673 instruit,

352 2737 446 2805 atque
475 2720 513 2787 de
531 2717 621 2787 variis
645 2717 739 2786 rebus
755 2718 928 2788 consulenti
951 2717 997 2786 sic
1014 2718 1174 2802 rescribit,
1194 2734 1231 2793 ut
1248 2738 1314 2787 non

353 2848 539 2933 tesenbere,
558 2850 614 2933 sed
640 2863 796 2932 tamquam
818 2849 968 2932 praesenti
992 2850 1177 2932 respondere
1191 2848 1249 2917 sibi
1265 2848 1311 2916 vi·

352 2979 476 3067 deretur
501 2974 606 3065 (19).
648 2976 789 3045 Lucilius
812 2990 936 3059 autem,
955 2977 1011 3061 qui
1034 3022 1056 3061 „
1072 2978 1191 3048 calcatis
1213 2996 1315 3061 popu·

1229 3087 1444 3186 aab!

386 3239 477 3326 (ιγ)
502 3243 595 3322 Epist.
615 3255 667 3319 79.
688 3247 758 3312 init.
778 3238 855 3305 Nat.
877 3246 998 3324 Quart.
1020 3243 1056 3322 L.
1078 3263 1108 3318 3.
1129 3266 1154 3308 c.
1178 3265 1203 3308 ι..
1225 3267 1251 3311 c.
1271 3253 1318 3323 ab.

347 3347 424 3422 ις.
445 3342 495 3402 ubi
517 3341 577 3403 vid.
597 3336 726 3403 Rubk.
949 3358 951 3361 ’

301 3462 306 3481 s
384 3444 445 3516 (18
453 3440 471 3513 >
496 3436 573 3498 Nat.
597 3439 714 3515 Quaen.
736 3439 758 3501 i.
778 3456 807 3512 ι
824 3436 924 3514 praef.
945 3448 973 3517 ς.
996 3453 1042 3515 13·
1068 3438 1168 3516 ibique
1183 3438 1311 3502 nune.

332 3602 356 3623 s,
385 3537 475 3612 (¹9)
498 3530 593 3610 nnn.
614 3537 662 3602 67.
684 3533 712 3612 §.
735 3551 763 3596 ι.
789 3533 840 3593 cf.
855 3531 950 3610 Epist.
970 3550 1020 3608 γι.
1043 3539 1068 3609 ς.
1079 3549 1119 3596 .ra
1146 3572 1172 3609 ,0
1189 3535 1318 3597 subinde

346 3674 372 3712 „
391 3649 439 3695 me
460 3632 498 3694 de
519 3631 604 3691 rebus
626 3630 746 3706 sinuli·
761 3630 909 3702 consulis,
938 3631 1045 3692 oblitus
1074 3646 1236 3692 vartonus
1259 3646 1317 3690 ma·

347 3729 414 3806 „ri
442 3726 553 3800 dividi,
583 3743 672 3803 quum
694 3743 795 3804 magns
817 3742 881 3804 pare
905 3728 1022 3789 consilii
1046 3728 1085 3791 ait
1104 3730 1133 3789 in
1166 3741 1315 3804 tempore,

344 3867 370 3902 „
388 3839 508 3888 necesse
529 3837 573 3886 est
594 3825 733 3898 evenire,
767 3839 800 3883 nr
824 3823 863 3885 de
886 3825 1057 3907 quibusdam
1080 3827 1165 3888 rebus
1188 3841 1258 3886 tunc
1279 3824 1316 3884 sd

344 3959 369 3994 „
386 3933 417 3980 te
444 3921 601 4000 perferatur
620 3918 761 3992 sententia
782 3934 863 3996 mea,
895 3937 984 3998 quum
1002 3923 1059 4002 jam
1088 3924 1229 4001 contraria
1253 3938 1310 4003 pq·

344 4054 370 4093 „
387 4013 445 4076 tint
473 4013 548 4080 esti'
1228 4038 1230 4045 ⁸
1289 4021 1294 4033 '
