3150 5175
342 459 388 510 ro
759 453 883 513 Ξ

350 653 411 716 que
440 633 615 703 Divinarum
642 651 776 717 pasceret
807 636 926 721 (37),
957 650 987 702 et
1013 637 1135 720 amicis,
1156 637 1303 722 posteris

347 765 478 845 denique
504 767 672 846 prodesset.

393 894 515 979 Quibus
533 876 631 960 autem
649 892 819 961 rationibus
847 895 878 961 in
895 896 955 961 hoc
980 883 1080 961 liberio
1096 894 1304 962 Providentiae
1347 980 1350 984 ,

346 1037 467 1087 musam
495 1022 609 1105 egerit,
638 1023 792 1105 aptissime
817 1024 938 1092 videtur
961 1024 992 1091 in
1021 1026 1103 1093 brevi
1129 1041 1299 1110 conspectu

346 1148 524 1231 Lipsius
553 1149 715 1218 indicasse.
757 1150 862 1237 Cujus
889 1153 994 1220 labore
1020 1155 1191 1233 (difficilem
1219 1152 1299 1217 enim

345 1294 439 1358 supra
465 1295 555 1358 quam
579 1279 687 1363 aliquis
713 1277 836 1363 credat,
868 1281 945 1347 hanc
977 1299 1224 1366 argumentorum
1249 1281 1302 1345 de·

342 1406 538 1491 scriptionem
569 1409 627 1476 sibi
654 1408 750 1477 fuisse
773 1411 831 1476 Vir
858 1410 992 1492 Magnus
1015 1410 1047 1472 in
1076 1409 1303 1475 introductione

345 1539 498 1618 testatur)
519 1537 585 1621 ejus
611 1536 704 1621 igitur
730 1538 833 1603 labore
863 1537 939 1619 grati
964 1534 1114 1602 fruamur.
1158 1580 1179 1614 „
1200 1537 1302 1618 Argu·

346 1709 371 1746 „
391 1662 550 1730 mentum”
573 1662 673 1745 inquit
687 1708 714 1744 ,‚
737 1679 805 1745 eat,
827 1662 1046 1730 Providentiam
1062 1681 1149 1729 esse:
1171 1679 1227 1726 nec
1243 1660 1302 1725 ob·
1357 1698 1362 1702 -

343 1829 367 1869 „
387 1802 487 1867 stare,
517 1788 603 1874 quod
633 1787 723 1854 bonis
759 1790 836 1855 mala
874 1788 1039 1870 quaedam,
1069 1786 1125 1852 sed
1149 1800 1298 1864 externo,

342 1957 366 1997 „
385 1914 560 1984 obveniant.
602 1915 703 1985 Primo
733 1917 826 2002 igitur
847 1917 988 1986 universe
1013 1916 1093 1982 illam
1120 1915 1247 1993 asserit,
1280 1932 1329 1979 a:

343 2090 366 2129 „
386 2047 490 2114 mundi
515 2064 602 2117 motu
610 2047 624 2131 '‚
646 2048 776 2131 ordine,
798 2047 988 2116 constantia:
1009 2066 1086 2129 quae
1111 2044 1211 2111 omnia
1235 2062 1300 2110 ree·

343 2220 368 2258 „
384 2190 481 2242 torem
496 2179 634 2245 clamant.
674 2180 791 2246 Deinde
814 2180 854 2245 ad
870 2176 1039 2261 quaesitum
1056 2173 1202 2258 proprie,
1224 2192 1299 2256 qua·

341 2285 418 2390 '„re
441 2327 515 2392 ergo
539 2310 615 2375 mala
637 2307 753 2374 bonis?
783 2307 838 2372 Ait
861 2307 962 2389 primo
987 2307 1006 2385 (
1015 2305 1079 2387 38)
1100 2305 1200 2371 Deum
1221 2322 1299 2369 ama·

340 2475 364 2514 „
383 2451 416 2497 re
446 2434 572 2513 bonosa
608 2450 663 2494 nec
696 2430 855 2493 immittere
880 2430 972 2511 igitur
996 2429 1033 2492 iis
1063 2405 1152 2494 mala.
1201 2430 1300 2497 Instar

336 2602 365 2643 „,
383 2558 517 2640 parentis
550 2557 702 2622 dumtaxat
738 2552 906 2638 castigare,
938 2568 969 2619 et
1009 2558 1161 2622 coercere.
1205 2557 1299 2624 Dein.

341 2728 366 2766 „
384 2683 422 2748 de
461 2684 556 2769 (39)
595 2702 659 2750 non
695 2684 787 2750 videri
826 2704 861 2750 eo
896 2684 983 2750 mala·
998 2669 1108 2766 bonis,
1136 2704 1192 2753 nee
1218 2688 1298 2755 vinti
1412 2724 1415 2728 ι

343 2858 366 2896 „
386 2812 523 2895 iis,.sed
554 2815 705 2896 exerceri,
735 2829 767 2880 et
798 2833 854 2897 per
880 2833 986 2898 aspera
1011 2813 1153 2881 indurari.
1197 2818 1299 2884 Deum

340 2989 365 3031 „
384 2944 468 3012 velut
505 2944 719 3031 agonothetam
753 2963 843 3024 esse,
872 2960 903 3011 et
929 2944 1065 3014 robustis
1091 2944 1139 3011 his
1176 2946 1305 3033 athletis=

341 3117 366 3157 „
386 3074 451 3140 suis
485 3075 637 3141 delectari.
689 3072 775 3138 Haec
819 3072 861 3137 ita
898 3073 1124 3151 communiter,
1160 3087 1190 3138 et
1216 3075 1300 3162 velut

342 3243 366 3282 ,‚
385 3216 588 3281 praeparans,
616 3196 669 3283 ad·
689 3196 769 3277 Cap.
802 3195 858 3261 III.
887 3196 938 3261 Ab
970 3216 1008 3262 eo
1032 3185 1128 3280 magis
1158 3196 1300 3267 distincta

339 3363 367 3409 „
385 3319 522 3404 qunque
561 3319 718 3401 rationes,
746 3338 803 3386 cur
835 3320 998 3403 eveniant,
1028 3324 1152 3408 exsequi
1184 3310 1297 3410 pergit'.

1200 3499 1221 3535 ‚2
1236 3454 1300 3521 Pri·
1387 3510 1390 3514 μ

374 3597 463 3676 (27)
483 3590 695 3656 Pulcherrimot
735 3593 789 3654 hrc
813 3591 853 3654 de
879 3609 911 3655 re
940 3597 1024 3657 iocus
1055 3610 1099 3658 ert
1119 3595 1174 3675 Ep.
1196 3605 1247 3673 σε.
1277 3607 1305 3676 ς.

289 3788 295 3793 ’
337 3715 391 3870 1⁵⁰(
401 3711 461 3869 ἐξ)
482 3789 527 3853 Ab
542 3791 587 3851 hit
600 3790 695 3851 verbis
711 3807 738 3853 c.
755 3803 787 3858 1.
797 3795 823 3869 ς.
837 3804 869 3869 5.
888 3830 912 3865 „
932 3791 1088 3868 lupariam
1103 3807 1133 3854 ta
1147 3790 1304 3857 reducam?

334 3908 430 3968 traque
451 3893 487 3952 ad
508 3891 594 3952 finem
618 3889 731 3968 capitit·

375 3988 463 4066 (aa)
490 3990 560 4066 Cap.
586 4008 615 4051 2·
