3150 5175
315 466 356 532 60
731 475 854 535 2¹¹:-

321 693 324 700 ν
360 675 476 740 quum,
494 655 694 752 nobilissimas
718 654 851 739 virgines
866 658 904 724 sd
918 676 999 726 sacra
1016 655 1154 724 iacienda
1173 659 1270 727 noeti·

361 786 421 854 bus
436 783 578 865 excitari,
603 781 749 849 altissimo
777 802 888 851 somno
912 785 1078 868 inquinatas
1099 784 1187 853 fruit
1208 787 1268 852 La·

360 914 418 990 bor
443 911 576 995 optimos
597 910 679 978 citat.
723 910 856 979 Senatus
878 932 935 996 per
960 927 1058 981 totum
1076 913 1153 980 diem
1178 932 1271 995 saepe

360 1037 547 1119 consulitur,
561 1056 632 1106 eum
648 1037 702 1106 illo
719 1052 857 1123 tempore
871 1041 1034 1112 vilissimus
1051 1041 1201 1126 quisque,
1215 1054 1270 1107 aut

359 1168 393 1234 in
417 1185 526 1250 campo
556 1166 653 1235 otium
679 1187 769 1237 suum
799 1169 949 1251 oblectet,
970 1183 1023 1237 aut
1047 1170 1079 1236 in
1102 1168 1215 1256 popina
1229 1171 1271 1236 la·

357 1309 442 1378 test,
467 1310 519 1363 aut
540 1310 670 1379 tempus,
689 1296 722 1362 in
741 1296 847 1380 aliquo
868 1297 985 1366 circulo
1012 1311 1099 1366 terat.
1142 1285 1225 1363 idem
1240 1295 1273 1360 in

354 1419 414 1496 uae
439 1443 549 1511 magna
583 1423 739 1508 republica
769 1423 824 1494 lit:
853 1425 928 1492 boni
952 1423 1009 1491 viri
1034 1425 1192 1506 laborant,
1219 1425 1275 1490 im'-

359 1556 519 1644 pendunt,
551 1554 785 1635 impenduntur,
814 1567 845 1617 et
870 1554 1007 1617 volentes
1036 1551 1179 1645 quidem:
1208 1570 1273 1619 non

358 1649 554 1768 trahunmra
587 1676 730 1758 fortuna,
753 1690 923 1759 sequuntur
947 1676 1053 1765 iilam,
1078 1691 1111 1742 et
1142 1692 1274 1760 aequant

317 1806 482 1918 4gmdus.
511 1805 540 1871 si
570 1803 721 1887 scissent,
755 1804 1000 1871 antecessissent.
1035 1803 1123 1869 Hanc
1147 1819 1274 1885 quoque

351 1933 523 2006 animosam
537 1933 685 2002 Demetrii
700 1931 858 2001 fortissimi
884 1931 942 1999 viri
964 1950 1071 1999 vocem
1088 1931 1206 1999 audisse
1222 1950 1275 1998 ms

358 2021 499 2150 inemini:
526 2062 625 2145 „Hoc
643 2061 785 2144 unum‚”
806 2059 935 2143 inquit‚-
949 2106 971 2142 „
994 2058 1046 2126 Dii
1069 2058 1273 2154 immortales,

364 2232 389 2276 „·
405 2193 444 2286 de
471 2193 560 2272 uubis
583 2191 670 2274 queri
689 2210 842 2294 possum,
867 2189 952 2271 quod
966 2207 1028 2256 non
1043 2204 1111 2254 ante
1129 2188 1202 2286 mihi
1216 2208 1273 2254 vo·

328 2387 330 2394 ,
363 2315 550 2403 „lluntatem
577 2336 705 2386 vestram
734 2336 836 2384 notam
864 2316 988 2383 fecistis.
1030 2317 1118 2382 Prior
1145 2320 1224 2383 esim
1238 2317 1276 2383 ad

362 2492 385 2527 „
405 2447 461 2511 ista
477 2446 651 2522 venissem,
666 2445 704 2507 ad
722 2462 799 2523 quae
816 2460 897 2507 nunc
915 2457 1040 2510 vocatus
1053 2446 1172 2510 adsum.
1198 2444 1276 2510 Vul-

366 2618 387 2655 „
407 2572 450 2665 tis
463 2571 590 2663 aliquam
610 2583 723 2653 partem
744 2568 909 2650 corporis?
930 2569 1051 2637 sumite.
1094 2568 1170 2636 Non
1194 2589 1277 2655 mag·

341 2792 343 2795 Ι
366 2745 387 2785 „
407 2717 475 2765 nam
488 2719 550 2766 rem
573 2700 730 2781 promitto.
758 2698 821 2764 cito
845 2713 944 2766 totum
964 2699 1145 2783 relinquam.
1174 2700 1278 2768 Vultis

366 2874 387 2909 „
408 2827 579 2911 spiritum?
610 2826 751 2914 Quidni?
776 2827 888 2893 nullam
913 2847 1029 2895 moram
1059 2826 1184 2910 faciam,
1214 2802 1278 2913 quo

369 3002 390 3039 „
410 2960 510 3025 minus
525 2955 697 3039 recipiaris,
719 2957 805 3036 quud
822 2955 959 3022 dedistis.
981 2976 999 3021 a
1017 2958 1137 3025 volente
1158 2957 1282 3035 fereris,

369 3131 390 3165 „
411 3085 557 3166 quidquid
577 3083 732 3164 petieritis.
756 3080 838 3166 Quid
852 3098 924 3164 ergo
943 3083 1014 3147 est?
1036 3083 1207 3149 maluissem
1231 3084 1281 3150 of·

368 3253 389 3289 „
411 3208 510 3290 ferre,
526 3228 615 3291 quam
634 3191 767 3273 tradere(
782 3208 865 3293 Quid
883 3226 963 3290 opus
985 3207 1045 3277 fuit
1065 3200 1208 3277 auferre?
1229 3230 1279 3276 ac·

1187 3384 1218 3421 se
1238 3339 1283 3405 ei·

362 3460 390 3517 g.
408 3441 489 3502 Frui.
511 3441 592 3503 deest
612 3443 693 3503 Febr.
1118 3486 1120 3491 -

359 3558 390 3615 4.
426 3545 480 3601 nu
500 3544 575 3602 inm.
592 3542 626 3601 de
647 3543 709 3605 vob.
747 3541 832 3602 snut.
858 3541 959 3602 ordine
975 3541 1087 3610 minus,
1114 3555 1147 3602 ut
1176 3542 1290 3605 videtui

317 3634 464 3712 'demtis
490 3636 526 3696 de
542 3639 605 3699 vob.
628 3640 684 3700 nu
705 3642 783 3699 imm.
811 3646 880 3699 Am.
894 3640 970 3698 uobis
992 3639 1098 3697 omisit.
1211 3652 1213 3656 ·

362 3734 465 3795 Adsum
488 3732 568 3794 Febr.
589 3749 618 3794 et
643 3737 759 3797 Schott.
778 3756 881 3798 assum.
1022 3780 1032 3795 .

362 3831 426 3893 iilos
440 3833 504 3893 vob.
543 3832 596 3893 llic
606 3834 672 3891 item
690 3832 773 3893 Febr.
789 3836 849 3893 vob.
866 3835 910 3894 ut.
948 3837 1069 3911 vulgata
1086 3837 1172 3913 magis
1186 3840 1294 3913 places.

327 3931 396 3986 Aru·
418 3927 500 4003 offe'ro
525 3946 580 4003 pro
602 3931 732 3994 sustulit.

366 4022 473 4084 Sumite
498 4022 579 4087 Fabr.
603 4029 713 4086 sumito.

1231 4122 1288 4182 Re·
