3150 5175
303 415 346 466 ΩΒ
719 400 843 459 2¹...-

303 591 365 679 jatn
389 588 563 658 videndun.
599 584 679 651 Sunt
696 581 796 662 eninr,
819 578 873 661 qui
889 592 1030 663 negent,
1052 598 1176 664 magnae
1191 597 1263 650 aad·

305 720 437 789 tntitstis
470 719 553 786 viri.
594 689 749 798 Siquidern
787 712 827 776 ad
851 732 880 777 c.
917 712 993 793 35.
1023 729 1055 781 r.
1083 710 1137 777 ubi
1170 716 1265 796 scrip-

305 864 358 918 tor
381 849 546 918 disserendi
563 846 699 913 ordinem
724 859 903 926 proponens
928 839 1106 908 enumentis
1130 855 1263 921 quatuor

305 978 444 1063 passam
476 977 519 1043 tn
541 939 641 1060 perga
683 1017 703 1051 „
725 969 915 1055 persuadebo
944 969 1013 1037 anae
1042 970 1118 1055 tras,
1147 990 1186 1039 ne
1206 992 1263 1039 un·

309 1149 333 1190 „
353 1122 444 1187 qaam
474 1105 550 1173 boni
572 1103 630 1173 viri
657 1100 847 1182 miserearis,
871 1116 975 1185 potest
1003 1101 1083 1168 enim
1106 1102 1197 1167 miser
1221 1100 1267 1166 di·

310 1278 334 1315 ,,
352 1233 404 1316 ci,
424 1250 489 1301 non
516 1246 620 1317 potest
649 1249 717 1297 esse
746 1227 828 1312 „ad
853 1248 922 1294 eura
945 1228 1038 1313 igitur
1053 1231 1155 1298 iocum
1178 1228 1268 1311 Lip-

308 1362 401 1430 sius
449 1362 722 1448 παρονομαπικῶσ,
769 1374 806 1425 ut
842 1358 980 1424 solebat:
1027 1403 1049 1440 „
1077 1359 1163 1425 Haec
1196 1374 1270 1442 pars

310 1528 342 1573 ,2
355 1487 387 1555 in
422 1486 484 1554 fine
513 1486 617 1566 deest,
649 1497 822 1565 temporum
857 1481 987 1566 ἱηῇυὴε,
1018 1501 1083 1550 non
1111 1485 1270 1568 scriptoris

307 1588 335 1697 ⁹„
355 1613 508 1683 incuria.'’
548 1613 584 1678 In
612 1609 736 1675 eandem
772 1606 836 1673 fere
868 1608 1047 1674 sententian
1078 1607 1271 1693 Ruhkop·

309 1739 395 1808 fias
428 1740 468 1806 ad
491 1759 560 1806 enan
588 1738 690 1804 locunt
723 1737 892 1805 annotavit.
934 1737 1159 1807 Fabricius
1191 1759 1270 1823 qno·

311 1886 395 1951 qne,
425 1868 481 1935 sed
516 1866 725 1950 dubitantius,
761 1867 845 1934 Bidl.
871 1857 952 1935 Lat.
985 1884 1023 1956 p.
1054 1887 1131 1951 105:
1161 1915 1191 1952 ,‚
1221 1872 1271 1938 De

310 2037 340 2081 ‚,
360 1995 551 2064 Providentia
574 1996 670 2079 liber,
693 2011 847 2080 extrema,
868 1970 906 2064 a
928 1997 1072 2081 videam.
1097 2013 1183 2080 parte
1205 2018 1272 2066 ma

313 2173 343 2210 ,‚
362 2125 474 2194 silus.’¹
515 2125 683 2209 Rationes,
706 2124 819 2210 quibus
847 2124 899 2193 hic
924 2125 957 2193 in
995 2145 1062 2193 etna
1092 2127 1272 2194 sententiam

314 2256 464 2325 adducam
501 2255 563 2338 sit,
593 2273 666 2324 cum
698 2256 765 2338 ipse
798 2273 862 2336 non
891 2255 1125 2340 significaverit,
1151 2256 1274 2341 ignora-

315 2403 407 2467 mus;
429 2401 613 2466 quamquam
646 2383 795 2464 suspicari
816 2382 912 2463 licet,
949 2385 1074 2451 eandem
1100 2383 1152 2464 ei,
1180 2404 1275 2466 quam

315 2510 402 2592 iilis,
428 2523 550 2576 causam
574 2505 696 2592 fuisse,
727 2507 856 2589 quode
884 2506 1022 2591 quinque
1047 2508 1187 2593 partibus
1201 2527 1276 2594 pro·

316 2636 429 2724 positis
454 2642 517 2704 una
547 2634 756 2721 praetermissa
780 2635 945 2706 videretur.
988 2638 1034 2706 Et
1064 2636 1184 2704 difficile
1206 2638 1277 2721 qai·

317 2767 387 2835 dean
418 2780 468 2833 est
498 2765 688 2834 aVrrorum
718 2763 980 2834 Doctissimornar
1007 2766 1155 2834 sententia
1181 2765 1278 2836 disce·

318 2897 410 2982 dere3
431 2896 489 2965 sed
512 2910 612 2965 tamen
634 2895 717 2965 haud
740 2895 856 2979 sciam,
874 2914 915 2964 an
930 2894 1030 2964 afferri
1047 2898 1192 2980 quaedam
1205 2915 1281 2982 pos·

319 3028 404 3109 sint,
433 3025 546 3108 quibus
568 3026 814 3110 integrum'esse
835 3024 949 3094 iibrutn
976 3027 1166 3095 ostendatur.
1189 3024 1279 3092 Divi·

319 3156 439 3222 sionem
462 3153 544 3219 illam
567 3129 662 3236 paqu
682 3151 856 3236 diligentius
879 3151 1119 3219 consideremus.
1161 3151 1279 3234 Capitis

320 3276 408 3348 initio
429 3279 554 3345 dixerat:
600 3325 628 3363 „
650 3277 711 3346 Sed
734 3279 798 3364 jam
823 3279 1007 3363 procedente
1023 3279 1160 3346 oratione
1177 3292 1281 3346 osten·

316 3404 348 3492 ',‚
370 3406 459 3489 dam,
498 3424 590 3489 quana
626 3424 691 3474 nort
729 3408 814 3494 sint,
859 3420 939 3491 quae
966 3408 1131 3492 videntur,
1167 3403 1280 3476 mala.”

317 3519 387 3624 Janr
425 3549 558 3622 quatuor
600 3535 787 3625 interjectis,
820 3555 899 3621 quae
933 3537 1021 3622 prins
1053 3538 1207 3605 tractanda
1233 3535 1283 3604 fo·

322 3679 411 3749 rent,
441 3665 520 3733 idenr
546 3664 622 3735 illud
646 3667 769 3734 mutatis
787 3667 889 3734 verbis
904 3666 1030 3750 repetita
1056 3712 1077 3748 „
1093 3665 1283 3750 persuadebo

252 3798 256 3809 “
326 3841 355 3880 ,,
374 3796 444 3863 inde
459 3795 536 3872 tibi,
556 3813 595 3862 ne
605 3796 860 3878 'unquamboai’'
875 3810 935 3864 cet.
957 3796 1029 3863 Hoc
1043 3797 1145 3881 ipsum
1161 3811 1288 3881 autent,

326 3941 384 4005 ea,
397 3943 474 4007 qaae
492 3926 568 3994 mala
585 3924 676 3994 bonis
687 3925 758 3995 viris
776 3926 908 3994 accidere
923 3926 1115 4013 dicerentur,
1136 3945 1202 3997 non
1217 3947 1307 4028 esse·

1211 4069 1282 4120 vere·
