3150 5175
714 417 839 480 Ξ
1216 425 1261 484 nr

305 601 444 685 „Primo
471 621 530 686 pro
556 599 632 689 ipsis
659 622 749 683 esse,
781 602 894 684 quibus
919 605 1079 676 actidtmtt
1101 613 1258 696 secundo,

305 775 325 810 „
347 749 403 812 pro
429 731 597 799 universist
621 730 734 812 tertio,
760 732 934 800 volentibus
971 732 1106 801 evenire:
1121 731 1132 786 ἶ
1150 752 1257 818 quarto

194 839 199 856 ’
302 897 324 937 ‚‚
345 858 408 926 fato
426 873 457 925 et
472 874 591 925 aeterna
608 860 687 942 lege.
708 860 806 945 (40)
835 861 966 928 Primam
983 861 1130 930 rationem
1155 879 1260 931 mactat

304 1035 325 1070 ,.
347 991 428 1073 Cap.
452 987 518 1067 111,
539 986 605 1053 lV.
628 987 776 1069 docetque
798 1005 857 1070 pro
886 987 961 1070 ipsis
987 1008 1074 1072 esse,
1095 989 1177 1057 sicut
1197 1009 1259 1055 me·

199 1133 201 1137 ’
301 1160 324 1197 „
344 1116 442 1181 dicina
476 1130 535 1196 pro
573 1112 682 1196 aegris.
732 1099 914 1181 indurantur
942 1113 1029 1181 etiem
1051 1116 1098 1182 sic
1121 1135 1140 1183 a
1166 1117 1257 1201 Deo,

303 1287 325 1323 „
346 1241 400 1323 qui
429 1258 463 1306 se
486 1239 594 1324 dignos
621 1240 762 1323 producit
788 1242 820 1307 in
840 1259 995 1325 pugnum
1017 1244 1093 1312 alios
1111 1245 1257 1329 viliores,

303 1370 376 1450 „in
405 1368 470 1437 otio
499 1384 530 1437 et
561 1372 667 1439 umbra
698 1371 804 1437 habet.
845 1371 1017 1438 Secundam
1044 1386 1149 1441 tractat
1173 1375 1255 1459 Cap.

296 1499 323 1579 '„
348 1497 389 1563 V.
418 1517 477 1580 pro
502 1498 645 1566 omnibus
674 1518 765 1580 esse,
789 1514 824 1566 ut
849 1497 908 1565 viri
945 1498 1041 1580 boni,
1070 1499 1115 1565 sic
1141 1500 1256 1584 habiti,

297 1626 469 1706 „clament
513 1628 579 1694 aliis
617 1637 647 1693 et
689 1628 852 1695 ostendant
892 1644 956 1693 non
991 1646 1059 1694 esse
1088 1627 1173 1697 Bona
1205 1645 1257 1698 aut

298 1806 320 1841 „
341 1761 449 1843 Mala,
489 1779 567 1843 quae
601 1760 717 1845 vulgus
754 1772 854 1843 putet.
897 1759 950 1828 Ad
978 1778 1048 1826 vera
1085 1758 1177 1843 igitur
1205 1757 1257 1827 ille

230 1939 254 1954 ..
302 1917 323 1970 ς,
344 1900 506 1971 spectent,
528 1901 560 1952 et
582 1885 633 1954 illa
650 1900 776 1970 petant,
797 1886 872 1953 haec
889 1885 1020 1971 fugiant.
1062 1886 1176 1954 Ibidem
1195 1899 1256 1954 ter·

296 2016 409 2100 „tiam
434 2013 533 2100 (41)
558 2013 677 2094 nectit,
709 2009 857 2080 Volentes
888 2013 1040 2096 excipere:
1071 2032 1140 2081 nam
1169 2034 1257 2100 prae·

297 2186 318 2221 „
338 2143 411 2208 bent
439 2161 473 2207 se
503 2145 573 2210 Deo
606 2159 636 2210 et
667 2115 770 2211 Fato.¹
784 2171 785 2176 ¹
799 2144 916 2229 Quarta
944 2145 1178 2229 (42)excipit,
1199 2147 1258 2213 Fa·

78 2295 80 2302 ⁴
174 2263 177 2268 ’
297 2313 319 2350 ,,
339 2283 405 2335 tum
428 2287 516 2353 esse,
546 2286 576 2338 et
597 2272 636 2338 ab
663 2286 786 2339 aeterno
823 2270 1049 2352 constitutum,
1072 2270 1147 2352 quid
1181 2289 1256 2354 geu.

294 2441 316 2476 ‚‚
337 2398 407 2464 deas
430 2383 617 2482 dolentque.¹
653 2398 796 2481 Denique
819 2399 928 2481 repetit
947 2402 1062 2484 (43),
1084 2401 1161 2467 mala
1182 2400 1255 2466 haec

294 2570 316 2607 „
335 2544 399 2593 non
440 2547 527 2597 esee:
567 2542 598 2596 et
629 2529 732 2600 Deum
768 2527 884 2601 inducit
898 2563 900 2568 ·
915 2529 1119 2611 pulcherrime
1146 2529 1256 2596 adhor-

294 2695 323 2731 „.
337 2667 472 2736 tantem,
499 2669 530 2719 et
563 2655 601 2721 ad
630 2656 726 2722 robur
753 2657 943 2724 excitantem.
987 2659 1088 2726 Stoice
1114 2658 1147 2724 in
1170 2659 1254 2742 fine,

294 2779 363 2860 „si
389 2775 475 2862 piget
500 2794 531 2845 et
554 2778 633 2845 ferre
660 2780 781 2862 taedet,
804 2781 873 2861 quis
905 2784 1009 2849 tenet?
1030 2799 1115 2866 patet
1140 2787 1254 2868 janua,

294 2947 318 2985 „
337 2901 419 2968 exi.”

333 3030 385 3096 An
413 3028 491 3097 liber
519 3030 569 3097 hic
602 3028 742 3115 egregius
776 3030 893 3115 integer
915 3034 954 3100 ad
984 3052 1043 3102 nos
1064 3036 1253 3121 pervenerit,
1357 3063 1360 3067 ·

320 3164 322 3169 ,
523 3157 525 3164 .
1019 3148 1021 3155 «
1191 3168 1253 3253 im

293 3387 416 3468 .(4⁰)
444 3358 536 3450 interi
564 3390 658 3466 ponte
687 3431 711 3464 „
729 3391 834 3468 quinto
866 3395 944 3454 nulle
973 3409 1045 3456 vere
1076 3399 1148 3459 mult
1171 3401 1258 3464 bonit

283 3525 308 3562 „
325 3489 397 3548 viris
420 3482 582 3548 recidere.”

322 3579 408 3661 (41)
430 3586 500 3660 eap.
525 3599 551 3651 s.
576 3582 604 3658 ς.
631 3601 661 3652 3.
687 3598 703 3641 r
725 3584 841 3644 v'etbirr
866 3623 890 3657 „
909 3600 939 3646 et
961 3591 1091 3652 volenter
1110 3591 1257 3679 quidem?

294 3720 300 3735 ,
322 3681 414 3755 (4η)
439 3681 485 3741 lb.
510 3685 533 3752 ς.
556 3693 588 3754 5.
606 3680 713 3755 odfin.
736 3682 808 3756 Cap.
1232 3762 1234 3767 γ
1346 3764 1349 3771 .

323 3771 413 3851 (⁴³)
439 3781 517 3838 Haec
539 3776 643 3863 ultimo
665 3778 735 3852 Cap.
750 3779 935 3841 continentur
957 3788 1013 3842 Pro
1029 3785 1138 3856 repetit
1162 3795 1257 3846 mrem

285 3872 420 3946 equidem
451 3877 545 3936 malim
583 3878 722 3951 ostendit,·
755 3894 817 3939 erm
843 3881 919 3940 eninr
944 3881 1083 3940 tutionem
1110 3880 1258 3960 nondum,

285 3982 319 4028 nt
341 3967 477 4045 videtur,
506 3987 691 4050 exposuerat.

800 4046 871 4159 Cr
