3150 5175
747 440 872 502 ΕΞ
1250 452 1293 517 sy

372 636 403 693 1·
445 582 551 690 Sabaea
584 620 624 687 da
650 619 824 708 prrsenaia‘
844 620 989 700 diuina&
1037 621 1148 692 Libelli
1185 627 1284 695 nostri

322 766 473 834 possess,
494 752 634 818 desinens
657 752 690 815 in
709 750 811 817 verbis
835 753 896 832 (c.
917 774 939 837 4
961 752 1040 837 il)
1072 799 1094 835 ,‚
1114 752 1209 821 fortes
1228 756 1283 821 ni·

321 877 389 945 lites
417 880 488 947 belli
508 876 684 962 trumpho”
710 881 963 960 quemadmodum
982 881 1019 954 in
1038 882 1099 948 ho:
1118 882 1212 964 Mssa
1237 884 1282 949 le·
1393 977 1395 982 Ι

320 1008 418 1091 gitur.
470 1006 596 1073 'litulus
633 1005 702 1071 inde
735 1005 840 1073 forsan
872 1007 943 1075 oriri
982 1010 1102 1092 potuis,
1131 1011 1216 1093 quod
1242 1011 1278 1076 li·

313 1134 438 1201 -brarius
462 1123 656 1235 cumprope
685 1135 722 1199 ab
739 1134 826 1201 initio
842 1135 972 1203 videret:
1009 1183 1030 1220 „
1050 1140 1195 1205 interesse
1220 1160 1276 1203 na·

318 1261 365 1327 bis
397 1262 551 1342 Damn’',
583 1262 643 1327 hoc
682 1263 823 1346 opusculi
848 1280 1058 1349 argumentum
1082 1284 1149 1334 esse
1178 1267 1274 1334 credi·

316 1389 404 1454 derit.
432 1371 434 1378 Α

359 1539 391 1583 2.
433 1513 607 1602 Epistulae.
642 1516 784 1586 Extrema
822 1538 980 1586 numerum
1009 1519 1191 1602 adscriptum
1213 1520 1271 1588 hs·

314 1645 365 1712 bet
387 1665 464 1727 127,
498 1628 567 1712 bum
595 1666 655 1728 ss4
681 1660 797 1713 tantum
825 1648 858 1712 in
881 1611 1063 1717 editionibus
1089 1661 1218 1715 exstent.

356 1794 386 1857 3.
430 1771 481 1839 Da
503 1774 678 1840 Clementia
702 1765 849 1857 quantum
879 1792 1032 1859 superest.

352 1923 388 1982 4.
434 1901 481 1966 Da
500 1902 621 1967 casibus
635 1900 822 1981 fortuitis*.
863 1903 968 1985 Idem,
999 1903 1108 1987 quide
1135 1903 1265 1974 Reum

301 2033 440 2112 sorbuit.
482 2030 601 2111 Dialogi
624 2027 723 2095 forma
745 2030 786 2094 ita
811 2044 927 2096 servata
952 2044 1033 2109 est,·
1050 2045 1085 2096 ut
1111 2031 1262 2115 singulis,

313 2202 335 2240 ‚‚
356 2158 514 2237 morieris,
543 2156 712 2239 aegrotabis
722 2156 743 2185 ''
770 2151 980 2236 similibusque
1001 2156 1171 2237 Gallionis,
1203 2179 1265 2224 res·

309 2285 511 2373 ponsionibus
538 2299 636 2350 autem
661 2284 842 2351 senecae
865 2301 975 2350 nomen
996 2284 1159 2366 praefixum
1185 2286 1237 2351 sit.

346 2433 379 2498 5.
423 2414 474 2479 Da
503 2427 644 2501 quatuor
666 2412 840 2480 uirtutibus
864 2410 1097 2478 cardinalibus.

349 2546 384 2614 6.
425 2544 595 2632 Excerpta
617 2561 657 2609 en
684 2540 774 2608 libris
801 2542 975 2643 Sananda
1000 2537 1197 2622 Banrfiaiis*.

346 2695 379 2758 7.
423 2673 569 2741 Collaciio
611 2670 871 2744 similitudinum,
920 2673 1187 2756 comparationum
1231 2682 1263 2733 es

303 2805 482 2889 aliquorum
517 2801 746 2884 exemplorum,
784 2817 845 2882 qua
883 2796 1040 2863 babemus
1078 2800 1113 2859 iu
1142 2800 1261 2881 *epista-

306 2932 345 2997 lis
369 2929 515 3005 Suanos&
560 2924 609 2991 Sic
640 2924 671 2988 in
696 2923 755 2987 fine
781 2922 900 2987 dicitur.
939 2921 1039 2986 Habet
1060 2940 1093 2985 ea
1118 2922 1258 2986 collectio

302 3055 433 3123 fortasse
467 3052 642 3118 nonnullam
686 3050 729 3116 rei
768 3028 886 3114 criticae
927 3047 1105 3128 utilitatem,
1145 3047 1260 3134 quippe

255 3144 260 3155 x
301 3185 454 3269 longiores
485 3200 574 3261 saepe
595 3180 725 3245 Senecae
750 3193 911 3243 sententias
935 3174 1075 3243 afferens.

343 3319 377 3380 8.
418 3311 550 3377 Florus*
572 3327 594 3405 e
627 3305 707 3372 libro
739 3306 777 3372 da
810 3306 957 3371 Moribus
999 3320 1029 3372 et
1060 3305 1097 3372 de
1126 3321 1258 3390 quatuor
1288 3368 1293 3381 ,

287 3401 480 3510 vVirtutibus
504 3433 733 3502 cardinalibus.

342 3534 1255 3645 mmmmmmmmmm,

299 3656 389 3769 certis
419 3693 555 3777 vestigiis
586 3654 809 3772 deprehendere
841 3707 904 3754 non
933 3691 1032 3772 potui.
1074 3689 1255 3755 Gronov.

302 3823 421 3905 quidem
447 3823 485 3887 ud
505 3822 529 3888 l.
555 3819 593 3884 da
615 3816 745 3883 Prouid.
775 3837 804 3881 a.
829 3837 859 3899 3.
886 3819 903 3898 §
925 3821 954 3882 8.
984 3863 1011 3895 ‚,
1029 3814 1188 3894 Viderint,
1211 3813 1258 3879 in·

300 3950 387 4034 quit,
417 3944 727 4014 hocisti”1n0nnit
751 3944 938 4011 Pinciani
964 3941 1094 4007 Codices
1117 3955 1149 4006 et
1182 3960 1256 4023 qne·

297 4095 371 4149 tuor
403 4077 574 4146 Grutsri
601 4091 631 4144 et
655 4074 880 4144 Bruxellensem
911 4072 1047 4153 ignorare
1067 4087 1146 4152 pron
1176 4073 1255 4152 hoc,

296 4179 299 4183 ‚
775 4201 847 4269 Du
1171 4198 1256 4276 qnod
