3150 5175
341 554 483 640 „ripere
505 550 663 640 potuistis·
707 523 824 619 sedne
847 568 929 619 nunc
946 551 1067 636 quidem
1080 549 1242 624 teroem:

340 729 362 768 „
382 659 450 768 qula
478 683 554 751 nihil
578 679 724 764 eripitur,
750 678 808 748 nisi
832 677 980 748 retinenti.
1018 679 1106 747 Nihil
1129 684 1245 769 cogor,

339 856 362 895 „
381 812 456 879 nihil
482 808 736 894 panormum,
766 823 822 873 nec
838 810 937 876 servio
960 810 1039 876 Deo.
1071 809 1125 877 sed
1142 827 1245 877 assur·

269 1006 271 1012 ,
335 981 361 1019 „
380 939 448 1005 tior
472 957 510 1003 eo
530 935 651 1017 quidem
670 935 787 1019 magis,
808 938 893 1019 quod
909 937 1091 1006 scio'omnia
1114 942 1197 1006 certi
1211 952 1244 1007 et

295 1079 361 1148 5„
381 1064 414 1130 in
433 1078 585 1130 aeternum
615 1063 694 1130 dicti
714 1064 779 1147 lege
799 1065 990 1133 decurrere.'’
1016 1067 1087 1134 Fata
1108 1086 1168 1135 nos
1187 1068 1246 1135 du·

331 1206 432 1271 eunt,
449 1204 479 1258 et
504 1206 649 1272 quantum
670 1192 783 1273 cuique
802 1206 915 1271 restet,
936 1193 1031 1274 prima
1058 1195 1250 1263 nascentium·

337 1317 412 1384 hora
431 1318 592 1400 disposuit.
635 1319 735 1385 Causa
753 1319 865 1400 pendet
883 1339 919 1385 ex
946 1339 1055 1400 causa,
1074 1323 1188 1402 primm
1203 1341 1241 1389 ac

338 1417 461 1529 publica
487 1448 597 1531 longua
631 1448 706 1513 ordo
748 1436 849 1513 rerum
884 1446 984 1513 trahit.
1028 1447 1101 1515 ideo
1127 1446 1245 1515 fortiter

330 1593 426 1642 omne
449 1575 605 1642 ferendum
632 1590 696 1641 est:
720 1574 792 1657 quia
817 1592 902 1657 non,
925 1589 960 1641 ut
987 1590 1153 1660 putamus,
1167 1562 1245 1642 inei·

310 1675 410 1770 ‘dont
423 1719 554 1785 cineta,
580 1702 635 1770 sed
659 1702 795 1772 veniunt.
838 1702 921 1771 Olim
948 1701 1148 1773 constitutum
1164 1691 1244 1790 est,

331 1831 409 1913 quid
426 1831 574 1913 gaudem,
603 1828 682 1911 quid·
698 1831 789 1896 fleas:
801 1829 844 1897 'et
861 1832 995 1913 quamvis
1018 1853 1124 1930 magna
1144 1834 1245 1902 videt·

213 2007 215 2014 .
301 1947 304 1950 ’
334 1974 386 2028 tur
404 1960 545 2026 varietate
577 1939 766 2043 singulorum
794 1947 853 2024 nita
882 1960 1046 2043 distingui,
1069 1961 1243 2029 summaiu

290 2065 429 2159 dunum
453 2089 556 2157 uenite
579 2089 746 2171 accepimus
765 2089 898 2171 peritura
921 2059 1057 2170 perituri.
1099 2087 1185 2174 Quid
1202 2089 1244 2156 ita

333 2217 547 2301 indignamur?
569 2217 641 2300 quid
655 2216 836 2299 querimur?
856 2217 894 2282 ad
918 2217 978 2283 hoc
1003 2214 1097 2298 parati
1122 2201 1243 2279 sumus.

239 2417 241 2422 .
328 2311 462 2424 Utatur,
478 2358 514 2410 ut
527 2329 615 2425 vult,
632 2342 696 2410 suis
711 2360 817 2410 natura
832 2329 1029 2426 corporibus:
1049 2360 1109 2408 nos
1120 2329 1188 2408 laeti
1202 2341 1244 2408 ad

327 2470 430 2539 omnia
447 2488 478 2539 et
503 2473 599 2540 fortes
626 2472 817 2557 cogitemus,
839 2473 915 2539 nihil
934 2471 1032 2556 perire
1060 2473 1097 2540 de
1123 2484 1243 2540 nostro.

326 2604 416 2691 Quid
441 2619 488 2673 est
500 2603 574 2671 boni
595 2604 691 2671 virii'
698 2605 840 2687 praebere
858 2623 893 2670 se
918 2598 995 2672 fato.
1017 2600 1140 2671 Grande
1163 2601 1243 2668 sola·

1166 2724 1243 2794 tium

311 2838 483 2928 'Ratlnmtd
521 2830 718 2896 T'rlllerus
736 2839 851 2897 Obstru.
864 2850 897 2913 p.
925 2855 988 2911 rao.
1007 2833 1244 2914 ἐμφατικώτεραν

287 2955 350 3000 esse
372 2955 453 3016 punt
483 2945 633 3000 renitenti.
671 2941 734 2999 lmo
758 2941 848 3013 maior
874 2940 943 2997 mlhl
964 2937 1077 3019 ridetur
1099 2937 1130 2995 in
1159 2939 1249 2995 altero

283 3038 330 3095 vlt
356 3052 436 3106 erse,
462 3041 621 3097 retinenti.-
650 3051 696 3110 at,
724 3038 818 3111 inquit
841 3034 1051 3113 philosophus,
1076 3049 1133 3107 ego
1148 3049 1182 3092 ne
1204 3048 1248 3092 re·

281 3133 364 3192 tineo
383 3134 518 3208 quiden,
546 3134 637 3193 libens
663 3134 754 3195 trado.
1137 3120 1143 3135 ⁵

320 3231 459 3292 Amantio.
498 3230 614 3306 saeptus
638 3230 691 3289 hac
719 3231 797 3290 verbi
824 3231 913 3290 sotmr
945 3227 1054 3289 Noster
1074 3228 1183 3321 utitur?
1215 3239 1249 3288 ut

282 3325 362 3388 Nat.
383 3330 420 3404 Q·
443 3327 505 3398 111,
526 3344 575 3398 rs,
599 3347 627 3388 ι.
664 3328 746 3387 Fabr.
760 3332 909 3387 attentior.

319 3441 350 3495 5.
388 3426 535 3500 Quantum
551 3429 659 3497 cuique.
687 3425 769 3482 Febr.
793 3425 871 3482 addit
885 3426 1027 3495 temporis.
1052 3422 1131 3480 idern
1149 3419 1250 3478 intuo

283 3514 358 3579 libro
384 3519 465 3594 Lips.
488 3522 617 3580 invenite
647 3519 800 3587 commode
825 3533 918 3575 tamen
939 3517 1117 3589 intelligitur.

323 3620 353 3674 6.
393 3614 471 3691 Quid
483 3620 538 3676 ita.
562 3616 644 3675 Frbr.
665 3614 735 3688 quid
754 3618 870 3687 itaque,
889 3612 936 3671 sed
959 3612 1029 3671 illud
1051 3611 1168 3668 eandem
1192 3607 1252 3666 lete

280 3709 339 3769 vim
365 3709 468 3781 habet,
503 3728 536 3771 et
558 3729 624 3771 eum
647 3719 760 3771 omero
786 3714 820 3772 ri
838 3705 901 3771 εἶτα
923 3709 1075 3768 convenlta
1104 3702 1251 3761 inbuimur

279 3812 366 3887 hujus
382 3813 445 3872 libri
471 3813 594 3873 iniurati
615 3831 638 3874 o.
658 3831 681 3871 e.
698 3811 802 3889 fortes.
822 3812 906 3874 Febr,
924 3829 952 3871 et
968 3811 997 3888 f.
1019 3826 1050 3867 a.
1066 3809 1180 3875 omnini
1199 3804 1251 3864 ΕΙ·

278 3899 1240 3986 mmmmmmmmm'
