3150 5175
704 378 827 438 Ξ
1196 379 1239 449 48

324 563 479 649 repetitur.
540 557 655 649 Quidni
703 556 833 624 libenter
872 568 1042 642 spectarent
1081 562 1234 631 alumnum

321 711 430 773 suum,
461 704 522 757 tam
550 688 632 754 claro
659 701 694 752 ac
714 686 898 751 memorabili
927 689 1009 755 exitu
1034 689 1232 757 evadentem?

317 815 399 887 mors
433 818 503 885 ilios
539 824 719 895 consecrat,
749 832 880 894 quorum
908 817 1022 883 exitum
1048 832 1079 882 et
1113 818 1168 901 qui
1193 818 1229 883 ti·

314 962 417 1029 ment,
438 945 575 1012 laudant.

355 1074 413 1141 ΙΙΙ.
436 1073 496 1140 Sed
511 1072 568 1138 ianr
588 1071 768 1155 procedente
787 1071 922 1139 oratione
940 1073 1117 1154 ostendam,
1137 1084 1230 1156 qoam

314 1221 379 1273 non
404 1202 488 1284 sint,
511 1224 588 1285 quae
606 1206 769 1285 videntur,
792 1206 882 1272 mala.
925 1205 1020 1271 Nunc
1048 1206 1122 1273 illud
1138 1207 1228 1288 dico,

313 1332 371 1398 ista
395 1349 472 1413 quae
502 1347 535 1398 tu
562 1351 653 1399 vocas
683 1353 810 1416 aspera,
838 1352 917 1415 quae
950 1334 1072 1400 adversa
1099 1348 1128 1400 et
1156 1337 1228 1401 abo·

204 1513 208 1521 .
313 1459 471 1541 minando,
492 1460 624 1543 primunr
642 1477 702 1544 pro
726 1462 802 1544 ipsis
819 1482 908 1544 esse,
936 1461 1050 1543 quibus
1066 1461 1226 1542 accidunt3
1300 1489 1303 1500 ¹

312 1587 424 1654 deinde
454 1607 513 1670 pro
551 1588 727 1669 universis,
759 1607 892 1671 quorum
930 1589 1026 1656 maior
1054 1589 1126 1663 Diis
1155 1605 1229 1655 cura

309 1730 377 1799 est,
406 1734 498 1799 quam
523 1716 741 1802 singulorum:
770 1733 842 1814 post
869 1718 961 1799 haec,
988 1717 1161 1784 volentibus
1179 1736 1229 1794 ac·

307 1843 423 1927 cidere3
447 1864 492 1909 oe·
510 1844 618 1927 dignos
649 1846 728 1910 molo
751 1864 839 1926 esse,
872 1846 899 1911 si
922 1846 1031 1913 nolint.
1075 1845 1134 1913 His
1154 1845 1227 1912 adii-

308 1972 408 2050 ciam,
436 1968 501 2036 foto
528 1971 586 2038 ista
609 1971 697 2052 fieri,
727 1984 757 2036 et
789 1986 871 2038 recte
906 1973 1008 2038 eodem
1037 1974 1103 2057 lege
1133 1973 1225 2041 bonis

309 2097 450 2180 evenire,
476 2100 635 2179 quisunt
663 2096 757 2161 bonis
784 2097 973 2178 persuadebo
997 2087 1066 2165 inde
1085 2099 1160 2183 tibi,
1184 2117 1225 2165 ne

306 2242 441 2306 unquam
467 2223 541 2290 boni
576 2223 633 2291 viri
658 2224 836 2290 miserearis.
887 2239 990 2306 potest
1021 2226 1100 2289 enim
1135 2226 1225 2291 miser

264 2353 387 2435 nurci,
413 2366 476 2420 non
500 2365 604 2436 potest
630 2371 709 2420 esse.
751 2345 990 2430 Difficillimum,
1020 2364 1056 2415 ex
1083 2348 1225 2416 omnibus
1311 2395 1315 2400 -

305 2500 383 2582 quoe
413 2482 585 2565 proposui,
619 2480 737 2548 videtur
764 2480 850 2561 quod
886 2479 1020 2562 primum
1053 2478 1131 2545 dixi:
1162 2497 1222 2561 pro

301 2609 378 2694 ipsis
403 2612 491 2694 esso,
521 2608 634 2693 quibus
663 2608 829 2691 eveniunt,
855 2608 934 2691 isto,
959 2627 1038 2690 quae
1058 2608 1227 2676 horremus.

1189 2751 1226 2801 ac

254 2979 462 3050 inmittatur,
486 2991 519 3038 ut
555 2968 639 3036 hebet
664 2986 693 3036 et
718 2974 789 3036 Aru.
814 2982 844 3033 et
865 2966 942 3032 Cori.
965 2974 1053 3032 Voss.
1092 2971 1166 3031 Illud
1188 2985 1245 3030 tt«.

253 3085 319 3131 men
341 3084 454 3131 exstare
479 3069 595 3129 videtur
619 3076 648 3129 nr
682 3070 794 3129 Fabric.
820 3068 871 3128 sed
902 3069 976 3127 lines
999 3070 1107 3144 primae
1126 3069 1228 3130 literne
1337 3054 1340 3061 ⁴

252 3169 454 3244 superposite,
487 3142 591 3227 bitur.

285 3268 329 3325 tt
353 3268 412 3340 qni.
440 3263 508 3323 Aru.
534 3278 565 3323 et
589 3270 675 3322 Voss.
699 3269 790 3323 ettam
812 3270 872 3338 qui.

570 3359 679 3421 cAP
699 3362 727 3420 U
747 3361 774 3421 Τ
833 3361 906 3424 111.
1167 3422 1169 3425 ,

287 3457 366 3518 (nra
393 3469 441 3528 et,
467 3471 553 3531 quam
575 3457 756 3530 singulorum.
787 3463 876 3517 Voss.
902 3470 999 3530 cura,
1024 3476 1109 3533 quam
1132 3465 1228 3536 singu·

251 3553 342 3612 lerum
366 3566 421 3612 est.

287 3639 367 3706 Fieri
389 3662 429 3707 et.
457 3657 545 3711 voss.
566 3655 616 3710 sic.
647 3645 760 3716 Febric.
780 3656 821 3711 sic
842 3657 881 3712 ei.
904 3654 1017 3714 sehon.
1041 3653 1138 3712 omisit
1162 3664 1203 3713 et.

287 3737 363 3801 Sunt
382 3743 456 3807 beni.
492 3754 581 3808 voss.
601 3748 668 3807 boni
688 3758 765 3807 sunt.

288 3832 472 3904 Persuadebo.
509 3841 590 3901 idem
608 3840 777 3917 persuadeo.

288 3946 318 3993 s.
355 3933 436 4009 Quod
455 3940 577 4011 primum
601 3937 673 4020 dire.
689 3936 805 4000 obsone
828 3938 899 4003 neec
922 3941 957 4002 ab
973 3943 1042 4003 nro.
1061 3937 1202 4009 editione.

742 4029 804 4093 ra
1154 4035 1220 4096 Tre·
