3150 5175
384 595 542 710 moure,
580 640 611 694 et
643 629 852 713 voluptatibus
893 632 1003 713 fluere3
1030 631 1132 716 cogita
1169 632 1299 699 iiiiorttnt

385 771 444 821 nos
470 756 615 822 modestis
639 758 803 840 delectari,
835 759 1027 826 uernularum
1064 759 1199 825 licentia:
1232 760 1301 825 illos

387 882 543 965 disciplina
567 883 693 950 tristiori
727 886 897 968 contineri,
926 887 1036 960 horum
1072 886 1110 954 ali
1137 885 1312 958 timiama
1392 970 1394 974 v

385 1006 468 1075 Idem
496 1009 550 1075 triti
572 1012 610 1076 de
635 1013 703 1079 Deo
734 1015 868 1097 liqueat!
900 1016 1016 1083 bunum
1045 1015 1144 1082 virum
1170 1014 1202 1081 in
1226 1013 1299 1081 deii·

387 1135 445 1202 ciis
466 1138 661 1207 non-habet:
684 1144 860 1225 experitur,
882 1143 1024 1225 indurat,
1045 1143 1102 1210 sibi
1117 1142 1201 1211 iilum
1217 1160 1302 1226 pne·

381 1280 480 1347 perat.

337 1447 340 1452 .
388 1392 431 1460 ii.
455 1441 476 1477 „
496 1394 600 1483 Quare
628 1399 722 1467 muita
748 1400 839 1467 bonis
863 1398 935 1467 viris
958 1399 1082 1466 adress
1105 1394 1303 1465 eveniunti”

387 1522 433 1590 iu
452 1523 528 1591 ninii
553 1527 684 1593 accidere
701 1528 785 1593 bono
803 1529 870 1593 viro
893 1526 963 1590 mali
982 1539 1097 1607 potest.
1138 1524 1216 1590 Non
1232 1524 1305 1590 mis·

387 1667 497 1720 centur
519 1655 677 1718 contraria.
721 1653 985 1738 Quemadmodum
1010 1666 1057 1718 tot
1081 1655 1209 1731 amnes,
1234 1664 1302 1715 tan·

384 1791 450 1843 tunt
473 1796 605 1860 superne
629 1780 816 1863 dejectorum
846 1779 1009 1862 imbrium,
1033 1791 1115 1846 tenta
1141 1776 1302 1843 medicetu-

384 1922 454 1970 run
488 1910 534 1971 vis
571 1905 731 1990 fontium,
766 1928 831 1976 non
868 1924 988 1977 mutent
1021 1924 1160 1991 saporem
1189 1903 1300 1985 maris,

385 2049 442 2098 net
465 2036 624 2104 remittunt
641 2014 791 2121 'quidemt
814 2038 855 2106 itt
872 2039 1063 2106 adversarum
1091 2033 1224 2119 impetus
1255 2052 1303 2097 re·

1233 2153 1300 2231 ‘runi

375 2233 532 2310 Modestia.
569 2257 640 2311 Arn.
663 2239 807 2316 medina(
861 2257 865 2263 '

376 2341 577 2406 Vernularrne.
606 2348 692 2407 voss.
723 2353 985 2422 remotarumque,
1013 2346 1094 2423 quod
1125 2346 1306 2426 oppositioni

338 2437 470 2500 fitiorum
491 2440 520 2499 ir.
544 2444 565 2501 Ι.
585 2443 679 2499 miuus
701 2444 837 2499 idoneum
860 2442 988 2500 videtur.

374 2532 540 2592 Audaciam.
576 2533 655 2593 idem
678 2535 813 2594 audacia.

636 2631 874 2693 'error
930 2631 978 2692 n.
1078 2607 1082 2623 '

375 2730 417 2784 At
440 2722 524 2787 aiiii.
562 2728 606 2789 At
627 2745 685 2788 non
720 2731 825 2790 hebent
856 2728 1014 2789 editiones:
1042 2742 1109 2786 cnm
1144 2739 1238 2785 sutem
1271 2726 1303 2787 in

338 2827 430 2885 voss.
460 2825 571 2899 iegitur
599 2845 628 2890 es
658 2815 747 2900 aiiii,
777 2843 886 2903 eisque
917 2827 1074 2904 perticuise
1097 2823 1238 2882 confundi
1251 2840 1307 2901 sn·

339 2924 434 2996 ietst,
460 2938 492 2985 es
513 2926 597 2987 inat
625 2931 754 3000 mutavi,
785 2931 866 3003 quod
890 2928 976 3002 hujus
998 2908 1191 2999 responsionis
1221 2921 1307 2980 initio

339 3019 416 3080 bene
451 3025 610 3083 conuenire
647 3025 780 3093 videtur,
816 3008 846 3084 in
878 3025 1112 3082 hereseorum:
1149 3019 1218 3077 iicet
1255 3019 1304 3079 sd„

339 3131 423 3175 veris
446 3119 538 3203 inuito
548 3120 634 3178 bonis
658 3122 728 3177 viris
748 3121 898 3190 eveniant,
925 3131 1079 3188 attamen,
1097 3127 1224 3175 atcerte
1240 3116 1305 3171 maii

340 3209 413 3267 nihii
437 3210 474 3267 iis
495 3225 592 3283 potest
613 3213 756 3270 recidere.

378 3304 499 3361 Tantane
514 3317 574 3379 sap.
595 3305 653 3380 dej.
677 3308 823 3364 imbriam.
849 3310 921 3364 Esse
946 3305 1034 3364 codd.
1056 3308 1084 3364 in
1108 3306 1212 3380 quibus
1229 3306 1304 3376 iega-

338 3409 387 3457 ttrr
413 3408 458 3456 tot
479 3409 616 3473 supernae
637 3403 803 3476 rejectiones
823 3404 959 3461 imbrium
982 3405 1064 3463 Pine·
1086 3407 1137 3464 sit.
1169 3410 1225 3463 Pto
1240 3415 1306 3458 tan·
1416 3458 1421 3472 ,

339 3506 402 3555 tasr
427 3494 509 3555 Febr.
534 3496 618 3558 hibet
640 3510 799 3561 tantarum.

374 3590 594 3654 Medicatarara.
633 3599 696 3652 Hoc
712 3594 870 3666 Gruterus,
889 3611 955 3655 cunr
971 3611 1050 3656 tutes
1064 3599 1203 3667 legeretur
1211 3596 1305 3656 Medi·

341 3701 561 3760 terranrorrrrrr,
587 3704 605 3749 e
622 3691 701 3751 iibris
723 3691 860 3761 asseruit,
881 3706 914 3750 nt
929 3694 1027 3751 monet
1044 3691 1170 3767 Lipsius.
1185 3693 1306 3754 Medita-

340 3799 435 3846 terrrrrr
450 3801 498 3845 sut
511 3785 712 3846 medicatorum
727 3786 901 3846 hebetetitnr
911 3788 995 3847 Voss.
1016 3791 1100 3846 suere
1108 3792 1236 3850 lectione
1250 3810 1307 3851 eae·

338 3882 485 3941 diterraa.
507 3882 537 3940 in
559 3881 682 3956 margine
703 3881 856 3958 tdseripts.

386 3976 663 4053 marcatrudem.
703 3977 758 4036 Pro
773 3995 824 4036 nec
844 3979 925 4038 rubr.
939 3978 1023 4038 habet
1038 3997 1084 4041 ne.
1107 3988 1192 4042 voss.
1208 3999 1303 4043 sutem
1355 3977 1365 4001 ⁰

333 4087 363 4134 et
383 4090 481 4134 onnes
506 4075 648 4134 editiones
671 4074 741 4134 iliud
771 4074 953 4150 praeferunt:
991 4076 1092 4152 itrqne
1127 4081 1305 4140 retinendum

1237 4191 1303 4236 oeil·
