3150 5175
346 471 387 551 ad
763 491 887 549 ...··.··.··.

394 678 444 744 De
472 674 608 758 Codice,
647 692 737 757 quant
769 673 913 755 antiquus
952 675 1023 762 sit,
1051 676 1093 742 nii
1128 679 1201 744 certi
1230 682 1316 763 qroi

351 800 449 873 dicar'n
474 801 583 871 habeoss
608 823 611 831 ·
635 804 685 870 De
713 781 951 885 orthographia,
979 803 1088 886 siquis,
1101 795 1169 874 inde
1194 812 1344 897 conice-s

349 950 448 999 turam
473 930 618 1015 temporis
645 930 754 996 ducere
787 931 880 1009 velit,
909 931 982 1002 haec
1011 953 1106 1015 pauca
1132 920 1313 1001 memorasse

344 1058 489 1128 sufficiat:
529 1060 685 1125 solennem
713 1056 745 1123 in
774 1073 908 1140 utroque
937 1061 1009 1126 cod.
1037 1064 1218 1158 scripturam¹
1242 1033 1312 1130 esse

347 1209 366 1252 e
406 1206 463 1270 pro
498 1205 560 1268 ae,
606 1201 642 1254 ut
667 1202 753 1275 sepe,
785 1204 927 1273 preesse,
960 1203 1027 1255 tuin
1057 1193 1090 1255 οἱ
1113 1211 1173 1276 pro
1188 1196 1250 1273 ri,
1278 1206 1313 1258 ut

348 1313 512 1397 sentient,
541 1313 710 1402 ingencia,
748 1317 901 1400 mantiam
908 1337 924 1397 ,·
953 1318 1051 1381 mett
1075 1332 1107 1382 et
1137 1321 1237 1385 nichil
1257 1340 1314 1405 pro

347 1446 431 1511 mint
463 1459 494 1511 ct
534 1444 639 1526 mitl;
676 1465 697 1526 y
728 1463 787 1525 pro
817 1449 831 1506 i
859 1444 889 1506 in
916 1443 963 1506 his
989 1461 1114 1529 yemps,
1149 1448 1311 1529 ymbrem,

347 1575 531 1657 ymagines,
558 1585 588 1634 et
607 1585 713 1634 contra
733 1570 823 1633 scribi
845 1570 1007 1654 olimpico,
1028 1571 1110 1634 Silla
1124 1591 1181 1653 pro
1202 1576 1312 1656 Synna
1348 1587 1352 1594 ’
1412 1661 1414 1667 Α

348 1696 479 1778 denique
498 1697 545 1760 nit
569 1710 599 1760 et
622 1691 681 1759 hiis
712 1713 770 1776 pro
791 1697 826 1761 m·
847 1710 877 1760 et
898 1697 970 1780 ltis;
996 1694 1155 1764 Occcamts
1180 1670 1253 1782 nro.
1268 1702 1312 1766 O·

346 1844 475 1891 ceanus.
1047 1897 1050 1902 4
1361 1799 1362 1804 ἵ

389 1954 477 2021 Alter
503 1952 588 2022 cod.
615 1951 791 2019 chartaceus
820 1953 893 2021 olitn
920 1954 1118 2022 innibnotn.
1143 1955 1311 2054 Varmicn·

345 2085 375 2148 st·
407 2078 490 2164 fuir,
520 2097 554 2147 ut
586 2081 682 2165 prima
715 2083 943 2167 ptg.iegitur;
975 2100 1048 2169 post
1077 2086 1117 2150 ad
1136 2085 1234 2151 virutn
1259 2086 1309 2151 ΙΙΙ.

345 2211 536 2282 isaacum
565 2213 759 2281 Vossiunt
789 2213 940 2297 pervenit.
984 2213 1148 2304 Temporis
1180 2228 1228 2280 est
1261 2233 1311 2279 ae·

345 2362 407 2424 qne
448 2342 578 2422 incerti,
609 2342 777 2407 minoribus
809 2360 899 2420 quam
939 2343 1037 2421 alter,
1076 2342 1171 2409 literis
1208 2343 1306 2423 scrip·

342 2481 420 2548 tus,
459 2483 524 2532 non
555 2466 622 2531 sine
652 2465 761 2531 librarii
792 2464 965 2547 diligentia,
1000 2480 1036 2531 ut
1061 2481 1186 2548 apparet
1212 2488 1229 2532 e
1253 2489 1305 2534 va·

344 2594 397 2662 riis
433 2592 614 2661 lectionibus
645 2592 771 2676 aliisque
808 2592 923 2660 nottdIs
953 2592 1002 2659 hic
1037 2591 1096 2659 ilic
1132 2593 1171 2659 ab
1200 2597 1303 2662 eadem

345 2737 382 2791 ut
408 2722 549 2804 videtur,
578 2740 669 2791 manu
694 2722 830 2807 adjectis.
871 2722 1093 2806 Elegantiorem
1126 2702 1215 2823 estant
1233 2745 1304 2807 par·

341 2852 453 2923 ticulae
481 2866 519 2919 ur
554 2871 612 2936 pro
646 2852 719 2918 licet
752 2851 908 2936 ignorasse
937 2867 1037 2917 tamen
1063 2851 1205 2933 videtur,
1232 2873 1304 2919 cunt

347 2996 458 3049 utrum
490 2980 730 3048 eisubstituerit
751 2978 789 3046 de
815 2978 949 3048 Prorid.
976 3001 1006 3045 c.
1037 3000 1054 3067 3
1083 2983 1103 3066 5
1135 3000 1154 3065 3
1209 2982 1304 3068 Quod

346 3109 386 3173 ad
400 3106 669 3201 orthographiam,
689 3106 833 3187 quaedam
855 3106 944 3169 habet
972 3106 1020 3170 sui
1045 3107 1189 3187 propria,
1216 3128 1248 3172 v.
1269 3128 1300 3173 c.

346 3232 579 3314 stnfhnr’arum,
600 3229 789 3312 triunfalt's,
824 3229 1015 3311 Catiotaem,
1039 3251 1222 3315 quamquam
1240 3222 1302 3302 hoc

345 3375 410 3426 non
427 3369 613 3425 constanter.
655 3357 783 3456 Paginae
805 3357 882 3424 duae
908 3354 1030 3454 priores
1052 3342 1143 3443 longe
1160 3361 1302 3427 deteriori

343 3504 438 3554 mann
473 3483 602 3567 scriptae
634 3483 792 3551 continent
826 3484 895 3551 libri
926 3485 963 3551 de
991 3487 1188 3576 Paupertate
1215 3492 1307 3571 parti·

340 3619 464 3695 calam,
490 3628 521 3681 et
546 3615 692 3679 nonnulle
713 3614 751 3678 de
779 3633 875 3680 uxore
899 3631 963 3680 non
989 3616 1125 3682 ducenda
1154 3619 1304 3702 sapienti,

346 3764 424 3830 quae
457 3756 529 3826 epte
564 3739 675 3808 referre
708 3742 812 3822 possis
847 3742 885 3806 ad
914 3742 1023 3809 librum
1052 3745 1239 3826 deperditum
1265 3747 1305 3814 de

344 3873 574 3952 Matrimonia,
616 3887 707 3952 quem
745 3868 925 3951 Hieronymi
955 3872 1131 3938 auctoritate
1158 3890 1303 3945 memorat

342 3997 473 4071 fabro.
495 3997 522 4069 Ι.
548 3997 573 4067 Ι.
597 4014 635 4085 p.
665 4015 736 4082 123.
778 3995 895 4067 Deinde
922 4015 1112 4083 sequuntur:

1266 4140 1303 4205 ti
