3150 5175
357 483 398 552 μ
777 476 901 535 =

401 660 476 728 beot
509 678 574 728 non
604 660 727 741 minos,
764 678 854 741 quam
896 678 972 740 quae
1003 659 1105 726 alienis
1140 660 1215 726 locis
1243 678 1317 726 con·

370 804 504 874 -epoeta
529 789 671 856 miraculo
704 802 798 866 sunt,
831 802 866 855 ut
894 787 926 854 in
944 787 1058 872 {mediis
1091 787 1235 854 fluctibus
1268 808 1317 854 ca·

372 961 377 968 -
402 920 498 985 lentes
514 936 630 999 aquae,
659 931 690 982 et
713 934 794 984 nova
822 915 988 986 mseriarum
1010 916 1042 981 in
1067 932 1152 984 vesto
1178 915 1317 982 exsilien-

360 1044 479 1131 4tium
503 1044 576 1112 muri
602 1044 712 1127 spatia.
759 1043 827 1129 Jam
854 1063 928 1114 uero
956 1045 984 1114 ei
1014 1044 1083 1128 quis
1112 1043 1314 1110 observaverit

400 1172 508 1240 pudori
535 1173 623 1241 litore
659 1177 767 1258 pelago
801 1172 834 1237 in
871 1192 907 1240 se
943 1174 1120 1254 recedente,
1156 1173 1316 1253 eademque

398 1300 477 1368 intra
501 1301 644 1386 exiguum
664 1317 788 1384 tempus
804 1301 939 1384 operiri,
960 1301 1062 1370 credet
1086 1321 1173 1367 caeco
1189 1302 1316 1383 quedam
1361 1371 1362 1374 ,

395 1431 581 1502 volutatione
622 1432 715 1498 modo
748 1428 885 1498 contrahi
928 1429 1047 1506 undas,
1090 1445 1121 1493 et
1150 1428 1315 1498 introrsum

397 1559 465 1645 agi,
482 1560 583 1627 'modo
618 1578 801 1640 erumpere,
840 1571 871 1621 et
907 1573 1018 1638 magno
1051 1574 1145 1620 eursu
1182 1572 1317 1638 repetere

396 1688 497 1752 oedem
522 1705 626 1751 suam:
651 1703 745 1764 quum
775 1685 843 1748 illue
873 1681 990 1750 interim
1017 1680 1210 1762 portionibus
1233 1702 1313 1750 cres·

365 1826 487 1891 -eunt,
517 1826 548 1877 et
581 1813 619 1877 ad
649 1812 755 1878 horam
787 1831 823 1876 ac
853 1811 933 1909 &diem
970 1811 1119 1889 subeunt,
1151 1810 1312 1891 ampliores

376 1938 609 2021 minoresque,
644 1954 738 2023 prout
772 1939 838 2008 iiius
868 1940 972 2006 luntre
999 1939 1083 2006 sidus
1121 1935 1245 2019 eiieuit,
1273 1939 1312 2003 ad

391 2067 481 2151 cujus
514 2068 670 2137 arbitrium
708 2087 841 2136 oceanus
875 2069 1018 2135 exundat.
1062 2067 1127 2133 Suo
1154 2067 1210 2133 ista
1237 2082 1312 2132 tem·

377 2196 466 2281 *pori
492 2213 702 2270 reserventur:
726 2218 764 2265 eo
784 2198 906 2281 quidem
931 2197 1050 2282 magis,
1076 2199 1159 2279 quod
1187 2212 1222 2264 tu
1246 2215 1310 2264 non

353 2325 515 2416 sdubitas
544 2328 581 2392 de
604 2326 815 2401 Providentia,
849 2327 904 2391 sed
928 2328 1074 2414 quereris.
1126 2326 1160 2390 In
1186 2326 1310 2410 gratiam

391 2466 423 2516 te
441 2454 581 2517 reducum
611 2470 682 2517 cum
712 2451 811 2532 Diis,‘
826 2452 975 2546 pduersus
1006 2452 1142 2533 optimos
1170 2454 1308 2533 optimis.

1240 2577 1306 2644 Ne·

383 2678 442 2740 Sed
466 2698 532 2741 tuas
553 2695 581 2743 et
602 2684 667 2745 illa.
705 2681 858 2743 Pincianus
880 2682 1036 2742 editionem
1061 2683 1175 2752 habuit,
1207 2687 1236 2744 in
1257 2703 1314 2760 que

345 2775 442 2837 deertt
475 2796 548 2840 suas.
587 2780 724 2855 Suspicor
747 2781 848 2854 potiut
877 2780 1026 2838 delendum
1051 2797 1113 2838 eete
1139 2780 1193 2841 sed.
1232 2788 1315 2841 Amet

345 2876 420 2937 enirn
436 2877 471 2937 ob
487 2878 538 2936 illo
553 2876 723 2953 pronomine
739 2876 898 2957 periodum¹
911 2876 1039 2951 incipere
1051 2879 1217 2947 Senecam
1231 2895 1314 2940 mort

345 3014 370 3048 ,,
391 2992 447 3036 tuo
473 2983 525 3036 ieta
550 2976 671 3051 tempori
696 2974 924 3035 reservemur.'’'

382 3072 538 3133 Miraculo.
575 3070 677 3130 Ruhk.
702 3070 881 3128 Gronovium
902 3084 1020 3128 secutus
1048 3070 1126 3128 dedit
1152 3071 1315 3127 miracula.-
1389 3106 1395 3111 -

346 3165 462 3223 videtur
484 3181 577 3222 ermen
610 3163 767 3234 elegantior
790 3168 877 3221 nitere
896 3167 986 3221 lectio
1007 3167 1142 3222 miraculo
1166 3166 1187 3221 i.
1218 3181 1244 3223 e.
1267 3167 1315 3222 td·

344 3242 507 3326 tilmtionit
540 3270 613 3329 quoe
644 3269 673 3311 et
696 3254 841 3310 embomm
872 3256 1017 3312 Codicum
1042 3274 1156 3314 assensu
1181 3256 1315 3318 firmetur.

384 3372 414 3424 4.
449 3349 522 3425 ἴω
544 3369 610 3412 uero
633 3381 670 3395 -
692 3369 781 3413 tuam.
819 3352 872 3412 Hit
892 3354 1033 3410 contineri
1050 3369 1122 3427 poto
1149 3370 1315 3428 perversum

344 3447 424 3525 voigi
446 3446 605 3521 judicium,
624 3447 703 3522 quod
727 3449 756 3507 in
780 3465 844 3524 sqq.
870 3450 934 3524 ipse
955 3450 1111 3524 redarguit:
1140 3453 1315 3527 irequepro
1373 3516 1374 3519 ,

348 3544 537 3617 interrogrndi
556 3559 641 3613 nom.
661 3561 743 3619 quem
758 3561 826 3621 poet
842 3547 972 3606 exundat
992 3548 1091 3624 posuit
1107 3546 1212 3619 Rutu.
1225 3565 1316 3624 ponc·

345 3655 407 3703 tum
430 3644 524 3701 visum
546 3656 589 3701 ott
612 3643 832 3706 restituendum.

383 3739 456 3800 Illae
479 3741 606 3798 interim.
645 3742 775 3814 Uterque
800 3739 875 3802 cod.
895 3743 1014 3801 interint
1036 3743 1123 3815 illae,
1150 3743 1229 3819 quod
1254 3744 1314 3805 for·

344 3822 419 3897 tutte
441 3852 499 3895 non
522 3833 606 3910 peine
630 3846 685 3892 ert.

386 3952 410 4002 5,
427 3936 555 4009 optimis.
571 3933 683 3994 Febric.
702 3934 837 4010 optimus:
860 3930 999 4005 hiocorto
1017 3934 1131 3997 videtur
1144 3937 1315 3997 Armiectio

343 4030 466 4104 optimus
491 4036 539 4090 ris.
987 4028 988 4031 ’
1230 4057 1232 4060 ·

1254 4126 1313 4186 Ne·
