<?xml version="1.0" encoding="UTF-8"?>
<!DOCTYPE html PUBLIC "-//W3C//DTD XHTML 1.0 Transitional//EN"
    "http://www.w3.org/TR/xhtml1/DTD/xhtml1-transitional.dtd">
<html xmlns="http://www.w3.org/1999/xhtml" xml:lang="en" lang="en">
 <head>
  <title>
</title>
<meta http-equiv="Content-Type" content="text/html;charset=utf-8" />
  <meta name='ocr-system' content='tesseract 3.04.00' />
  <meta name='ocr-capabilities' content='ocr_page ocr_carea ocr_par ocr_line ocrx_word'/>
</head>
<body>
  <div class='ocr_page' id='page_1' title='image "./specimenliterar00nautgoog_0054.png"; bbox 0 0 3150 5175; ppageno 0'>
   <div class='ocr_carea' id='block_1_1' title="bbox 360 573 903 647">
    <p class='ocr_par' dir='ltr' id='par_1_1' title="bbox 360 573 903 647">
     <span class='ocr_line' id='line_1_1' title="bbox 360 573 903 647; baseline -0.002 -13"><span class='ocrx_word' id='word_1_1' title='bbox 360 582 401 647; x_wconf 78' lang='grc'>41</span> <span class='ocrx_word' id='word_1_2' title='bbox 756 573 903 633; x_wconf 72' lang='lat'>‘=</span> 
     </span>
    </p>
   </div>
   <div class='ocr_carea' id='block_1_2' title="bbox 370 754 1327 2628">
    <p class='ocr_par' dir='ltr' id='par_1_2' title="bbox 370 754 1327 2628">
     <span class='ocr_line' id='line_1_2' title="bbox 408 754 1318 839; baseline -0.002 -13"><span class='ocrx_word' id='word_1_3' title='bbox 408 758 506 827; x_wconf 87' lang='lat' dir='ltr'>anime</span> <span class='ocrx_word' id='word_1_4' title='bbox 530 757 582 825; x_wconf 86' lang='lat' dir='ltr'>diu</span> <span class='ocrx_word' id='word_1_5' title='bbox 602 754 775 824; x_wconf 87' lang='lat' dir='ltr'>meditatum</span> <span class='ocrx_word' id='word_1_6' title='bbox 796 775 897 839; x_wconf 82' lang='lat' dir='ltr'>opus3</span> <span class='ocrx_word' id='word_1_7' title='bbox 921 754 1001 839; x_wconf 85' lang='lat' dir='ltr'>eripe</span> <span class='ocrx_word' id='word_1_8' title='bbox 1030 770 1061 823; x_wconf 92' lang='lat' dir='ltr'>te</span> <span class='ocrx_word' id='word_1_9' title='bbox 1086 755 1178 823; x_wconf 88' lang='lat' dir='ltr'>rebus</span> <span class='ocrx_word' id='word_1_10' title='bbox 1212 759 1318 824; x_wconf 83' lang='lat' dir='ltr'>huma·</span> 
     </span>
     <span class='ocr_line' id='line_1_3' title="bbox 370 884 1317 971; baseline -0.012 -11"><span class='ocrx_word' id='word_1_11' title='bbox 370 889 469 960; x_wconf 78' lang='lat' dir='ltr'>duis.</span> <span class='ocrx_word' id='word_1_12' title='bbox 509 886 576 971; x_wconf 89' lang='lat' dir='ltr'>Jam</span> <span class='ocrx_word' id='word_1_13' title='bbox 598 885 733 953; x_wconf 86' lang='lat' dir='ltr'><strong>Petreius</strong></span> <span class='ocrx_word' id='word_1_14' title='bbox 769 900 801 951; x_wconf 89' lang='lat' dir='ltr'>et</span> <span class='ocrx_word' id='word_1_15' title='bbox 825 884 899 952; x_wconf 91' lang='lat' dir='ltr'>Iuba</span> <span class='ocrx_word' id='word_1_16' title='bbox 929 899 1165 967; x_wconf 73' lang='lat' dir='ltr'>concurrerem,</span> <span class='ocrx_word' id='word_1_17' title='bbox 1207 884 1317 951; x_wconf 89' lang='lat' dir='ltr'>iacent·</span> 
     </span>
     <span class='ocr_line' id='line_1_4' title="bbox 409 1011 1327 1097; baseline -0.005 -15"><span class='ocrx_word' id='word_1_18' title='bbox 409 1035 471 1097; x_wconf 91' lang='lat' dir='ltr'>que</span> <span class='ocrx_word' id='word_1_19' title='bbox 497 1015 572 1080; x_wconf 87' lang='lat' dir='ltr'>alter</span> <span class='ocrx_word' id='word_1_20' title='bbox 600 1014 722 1081; x_wconf 84' lang='lat' dir='ltr'>alteriue</span> <span class='ocrx_word' id='word_1_21' title='bbox 758 1031 850 1080; x_wconf 87' lang='lat' dir='ltr'>manu</span> <span class='ocrx_word' id='word_1_22' title='bbox 880 1012 970 1080; x_wconf 87' lang='lat' dir='ltr'>eaesi.</span> <span class='ocrx_word' id='word_1_23' title='bbox 1013 1013 1112 1081; x_wconf 85' lang='lat' dir='ltr'>Fortis</span> <span class='ocrx_word' id='word_1_24' title='bbox 1147 1030 1177 1079; x_wconf 95' lang='lat' dir='ltr'>et</span> <span class='ocrx_word' id='word_1_25' title='bbox 1201 1011 1327 1097; x_wconf 59' lang='lat' dir='ltr'>egregia&gt;</span> 
     </span>
     <span class='ocr_line' id='line_1_5' title="bbox 408 1141 1317 1226; baseline -0.002 -17"><span class='ocrx_word' id='word_1_26' title='bbox 408 1141 463 1209; x_wconf 89' lang='lat' dir='ltr'>fati</span> <span class='ocrx_word' id='word_1_27' title='bbox 486 1145 670 1225; x_wconf 90' lang='lat' dir='ltr'>conventio,</span> <span class='ocrx_word' id='word_1_28' title='bbox 696 1142 750 1210; x_wconf 83' lang='lat' dir='ltr'>sed</span> <span class='ocrx_word' id='word_1_29' title='bbox 775 1161 853 1225; x_wconf 92' lang='lat' dir='ltr'>quae</span> <span class='ocrx_word' id='word_1_30' title='bbox 874 1160 938 1207; x_wconf 90' lang='lat' dir='ltr'>nnn</span> <span class='ocrx_word' id='word_1_31' title='bbox 958 1142 1062 1209; x_wconf 86' lang='lat' dir='ltr'>deceat</span> <span class='ocrx_word' id='word_1_32' title='bbox 1085 1143 1317 1226; x_wconf 82' lang='lat' dir='ltr'>magnitudinem</span> 
     </span>
     <span class='ocr_line' id='line_1_6' title="bbox 409 1270 1319 1355; baseline -0.003 -16"><span class='ocrx_word' id='word_1_33' title='bbox 409 1272 565 1340; x_wconf 82' lang='lat' dir='ltr'>nostram!</span> <span class='ocrx_word' id='word_1_34' title='bbox 589 1287 648 1340; x_wconf 92' lang='lat' dir='ltr'>tam</span> <span class='ocrx_word' id='word_1_35' title='bbox 671 1286 761 1355; x_wconf 82' lang='lat' dir='ltr'>turpe</span> <span class='ocrx_word' id='word_1_36' title='bbox 791 1285 838 1339; x_wconf 91' lang='lat' dir='ltr'>est</span> <span class='ocrx_word' id='word_1_37' title='bbox 870 1270 1004 1353; x_wconf 90' lang='lat' dir='ltr'>Catoni,</span> <span class='ocrx_word' id='word_1_38' title='bbox 1025 1287 1154 1339; x_wconf 83' lang='lat' dir='ltr'>mortem</span> <span class='ocrx_word' id='word_1_39' title='bbox 1191 1272 1228 1339; x_wconf 91' lang='lat' dir='ltr'>ab</span> <span class='ocrx_word' id='word_1_40' title='bbox 1255 1270 1319 1338; x_wconf 84' lang='lat' dir='ltr'>ullo</span> 
     </span>
     <span class='ocr_line' id='line_1_7' title="bbox 408 1399 1321 1486; baseline -0.003 -18"><span class='ocrx_word' id='word_1_41' title='bbox 408 1415 531 1486; x_wconf 86' lang='lat' dir='ltr'>petere,</span> <span class='ocrx_word' id='word_1_42' title='bbox 555 1421 646 1484; x_wconf 94' lang='lat' dir='ltr'>quam</span> <span class='ocrx_word' id='word_1_43' title='bbox 679 1400 781 1467; x_wconf 82' lang='lat' dir='ltr'>vitant.</span> <span class='ocrx_word' id='word_1_44' title='bbox 826 1399 940 1481; x_wconf 88' lang='lat' dir='ltr'>Liquet</span> <span class='ocrx_word' id='word_1_45' title='bbox 975 1399 1071 1480; x_wconf 88' lang='lat' dir='ltr'>mihi,</span> <span class='ocrx_word' id='word_1_46' title='bbox 1111 1420 1182 1467; x_wconf 90' lang='lat' dir='ltr'>cum</span> <span class='ocrx_word' id='word_1_47' title='bbox 1212 1418 1321 1486; x_wconf 84' lang='lat' dir='ltr'>magno</span> 
     </span>
     <span class='ocr_line' id='line_1_8' title="bbox 410 1525 1323 1616; baseline -0.007 -16"><span class='ocrx_word' id='word_1_48' title='bbox 410 1545 564 1616; x_wconf 72' lang='lat' dir='ltr'><strong>spectasse</strong></span> <span class='ocrx_word' id='word_1_49' title='bbox 587 1528 696 1613; x_wconf 89' lang='lat' dir='ltr'>gaudio</span> <span class='ocrx_word' id='word_1_50' title='bbox 719 1530 826 1609; x_wconf 84' lang='lat' dir='ltr'>Deos,</span> <span class='ocrx_word' id='word_1_51' title='bbox 859 1546 928 1592; x_wconf 93' lang='lat' dir='ltr'>cum</span> <span class='ocrx_word' id='word_1_52' title='bbox 949 1529 1010 1610; x_wconf 90' lang='lat' dir='ltr'>jam</span> <span class='ocrx_word' id='word_1_53' title='bbox 1043 1525 1181 1606; x_wconf 83' lang='lat' dir='ltr'>illevit,</span> <span class='ocrx_word' id='word_1_54' title='bbox 1216 1528 1323 1594; x_wconf 83' lang='lat' dir='ltr'>acerri-</span> 
     </span>
     <span class='ocr_line' id='line_1_9' title="bbox 407 1617 1323 1733; baseline -0.007 -7"><span class='ocrx_word' id='word_1_55' title='bbox 407 1678 477 1728; x_wconf 83' lang='lat' dir='ltr'>mus</span> <span class='ocrx_word' id='word_1_56' title='bbox 502 1617 550 1722; x_wconf 79' lang='lat' dir='ltr'>sui</span> <span class='ocrx_word' id='word_1_57' title='bbox 559 1656 692 1733; x_wconf 81' lang='lat' dir='ltr'>vindex,</span> <span class='ocrx_word' id='word_1_58' title='bbox 722 1655 834 1718; x_wconf 85' lang='lat' dir='ltr'>alienae</span> <span class='ocrx_word' id='word_1_59' title='bbox 858 1651 947 1717; x_wconf 87' lang='lat' dir='ltr'>saluti</span> <span class='ocrx_word' id='word_1_60' title='bbox 971 1651 1127 1733; x_wconf 84' lang='lat' dir='ltr'>consulit,</span> <span class='ocrx_word' id='word_1_61' title='bbox 1147 1668 1177 1718; x_wconf 88' lang='lat' dir='ltr'>et</span> <span class='ocrx_word' id='word_1_62' title='bbox 1200 1653 1323 1720; x_wconf 83' lang='lat' dir='ltr'>instruit</span> 
     </span>
     <span class='ocr_line' id='line_1_10' title="bbox 407 1777 1324 1863; baseline 0 -15"><span class='ocrx_word' id='word_1_63' title='bbox 407 1780 622 1848; x_wconf 85' lang='lat' dir='ltr'>discedentium</span> <span class='ocrx_word' id='word_1_64' title='bbox 643 1778 765 1863; x_wconf 80' lang='lat' dir='ltr'>fugam:</span> <span class='ocrx_word' id='word_1_65' title='bbox 797 1780 870 1846; x_wconf 91' lang='lat' dir='ltr'>dum</span> <span class='ocrx_word' id='word_1_66' title='bbox 901 1777 989 1846; x_wconf 88' lang='lat' dir='ltr'>etiam</span> <span class='ocrx_word' id='word_1_67' title='bbox 1013 1780 1112 1846; x_wconf 89' lang='lat' dir='ltr'>studia</span> <span class='ocrx_word' id='word_1_68' title='bbox 1133 1793 1225 1846; x_wconf 91' lang='lat' dir='ltr'>nocte</span> <span class='ocrx_word' id='word_1_69' title='bbox 1252 1782 1324 1848; x_wconf 77' lang='lat' dir='ltr'>ulti-</span> 
     </span>
     <span class='ocr_line' id='line_1_11' title="bbox 408 1907 1322 1993; baseline -0.001 -17"><span class='ocrx_word' id='word_1_70' title='bbox 408 1921 609 1992; x_wconf 81' lang='lat' dir='ltr'>manenter,</span> <span class='ocrx_word' id='word_1_71' title='bbox 643 1909 716 1976; x_wconf 93' lang='lat' dir='ltr'>dutn</span> <span class='ocrx_word' id='word_1_72' title='bbox 748 1908 879 1993; x_wconf 78' lang='lat' dir='ltr'>gladium</span> <span class='ocrx_word' id='word_1_73' title='bbox 917 1926 1004 1976; x_wconf 87' lang='lat' dir='ltr'>sacro</span> <span class='ocrx_word' id='word_1_74' title='bbox 1045 1907 1163 1990; x_wconf 89' lang='lat' dir='ltr'>pectori</span> <span class='ocrx_word' id='word_1_75' title='bbox 1204 1908 1322 1993; x_wconf 86' lang='lat' dir='ltr'>infigit,</span> 
     </span>
     <span class='ocr_line' id='line_1_12' title="bbox 409 2036 1325 2122; baseline -0.001 -18"><span class='ocrx_word' id='word_1_76' title='bbox 409 2038 483 2104; x_wconf 90' lang='lat' dir='ltr'>dnm</span> <span class='ocrx_word' id='word_1_77' title='bbox 514 2036 629 2106; x_wconf 85' lang='lat' dir='ltr'>viscera</span> <span class='ocrx_word' id='word_1_78' title='bbox 662 2039 797 2122; x_wconf 86' lang='lat' dir='ltr'>spargit,</span> <span class='ocrx_word' id='word_1_79' title='bbox 837 2052 868 2104; x_wconf 91' lang='lat' dir='ltr'>et</span> <span class='ocrx_word' id='word_1_80' title='bbox 896 2036 977 2103; x_wconf 89' lang='lat' dir='ltr'>illam</span> <span class='ocrx_word' id='word_1_81' title='bbox 1017 2037 1232 2106; x_wconf 86' lang='lat' dir='ltr'>sanctissimam</span> <span class='ocrx_word' id='word_1_82' title='bbox 1261 2036 1325 2104; x_wconf 89' lang='lat' dir='ltr'>ani·</span> 
     </span>
     <span class='ocr_line' id='line_1_13' title="bbox 409 2166 1324 2252; baseline -0.003 -18"><span class='ocrx_word' id='word_1_83' title='bbox 409 2186 511 2249; x_wconf 89' lang='lat' dir='ltr'>mam,</span> <span class='ocrx_word' id='word_1_84' title='bbox 534 2167 749 2252; x_wconf 86' lang='lat' dir='ltr'>indignamque</span> <span class='ocrx_word' id='word_1_85' title='bbox 765 2186 843 2251; x_wconf 89' lang='lat' dir='ltr'>quae</span> <span class='ocrx_word' id='word_1_86' title='bbox 859 2166 942 2235; x_wconf 89' lang='lat' dir='ltr'>ferro</span> <span class='ocrx_word' id='word_1_87' title='bbox 967 2166 1239 2247; x_wconf 83' lang='lat' dir='ltr'>contaminaretur,</span> <span class='ocrx_word' id='word_1_88' title='bbox 1261 2185 1324 2231; x_wconf 87' lang='lat' dir='ltr'>ma·</span> 
     </span>
     <span class='ocr_line' id='line_1_14' title="bbox 370 2279 1324 2380; baseline -0.003 -13"><span class='ocrx_word' id='word_1_89' title='bbox 370 2279 464 2367; x_wconf 62' lang='lat' dir='ltr'>onu&#39;</span> <span class='ocrx_word' id='word_1_90' title='bbox 485 2296 595 2365; x_wconf 86' lang='lat' dir='ltr'>educit.</span> <span class='ocrx_word' id='word_1_91' title='bbox 640 2297 713 2362; x_wconf 89' lang='lat' dir='ltr'>Inde</span> <span class='ocrx_word' id='word_1_92' title='bbox 748 2297 923 2380; x_wconf 83' lang='lat' dir='ltr'>crediderim</span> <span class='ocrx_word' id='word_1_93' title='bbox 959 2297 1055 2363; x_wconf 86' lang='lat' dir='ltr'>fuisse</span> <span class='ocrx_word' id='word_1_94' title='bbox 1079 2316 1186 2379; x_wconf 88' lang='lat' dir='ltr'>parum</span> <span class='ocrx_word' id='word_1_95' title='bbox 1209 2309 1324 2364; x_wconf 87' lang='lat' dir='ltr'>certum</span> 
     </span>
     <span class='ocr_line' id='line_1_15' title="bbox 397 2421 1327 2500; baseline -0.003 -9"><span class='ocrx_word' id='word_1_96' title='bbox 397 2437 446 2500; x_wconf 68' lang='lat' dir='ltr'>‚et</span> <span class='ocrx_word' id='word_1_97' title='bbox 478 2422 579 2486; x_wconf 83' lang='lat' dir='ltr'>efficax</span> <span class='ocrx_word' id='word_1_98' title='bbox 604 2423 728 2486; x_wconf 90' lang='lat' dir='ltr'>vulnus.</span> <span class='ocrx_word' id='word_1_99' title='bbox 755 2437 820 2484; x_wconf 88' lang='lat' dir='ltr'>non</span> <span class='ocrx_word' id='word_1_100' title='bbox 858 2421 918 2485; x_wconf 90' lang='lat' dir='ltr'>fuit</span> <span class='ocrx_word' id='word_1_101' title='bbox 945 2421 1012 2486; x_wconf 89' lang='lat' dir='ltr'>Diis</span> <span class='ocrx_word' id='word_1_102' title='bbox 1042 2422 1261 2488; x_wconf 85' lang='lat' dir='ltr'>immortalibus</span> <span class='ocrx_word' id='word_1_103' title='bbox 1278 2442 1327 2488; x_wconf 85' lang='lat' dir='ltr'>sa·</span> 
     </span>
     <span class='ocr_line' id='line_1_16' title="bbox 413 2545 1325 2628; baseline 0.001 -14"><span class='ocrx_word' id='word_1_104' title='bbox 413 2545 474 2626; x_wconf 84' lang='lat' dir='ltr'>tis,</span> <span class='ocrx_word' id='word_1_105' title='bbox 506 2560 641 2628; x_wconf 85' lang='lat' dir='ltr'>spectare</span> <span class='ocrx_word' id='word_1_106' title='bbox 668 2546 816 2613; x_wconf 86' lang='lat' dir='ltr'>Catonem</span> <span class='ocrx_word' id='word_1_107' title='bbox 847 2545 956 2613; x_wconf 83' lang='lat' dir='ltr'>semel:</span> <span class='ocrx_word' id='word_1_108' title='bbox 988 2559 1102 2613; x_wconf 89' lang='lat' dir='ltr'>retenta</span> <span class='ocrx_word' id='word_1_109' title='bbox 1125 2566 1160 2614; x_wconf 92' lang='lat' dir='ltr'>ac</span> <span class='ocrx_word' id='word_1_110' title='bbox 1187 2563 1325 2615; x_wconf 89' lang='lat' dir='ltr'>revocata</span> 
     </span>
    </p>
   </div>
   <div class='ocr_carea' id='block_1_3' title="bbox 409 2672 1327 2889">
    <p class='ocr_par' dir='ltr' id='par_1_3' title="bbox 409 2672 1327 2889">
     <span class='ocr_line' id='line_1_17' title="bbox 409 2672 1325 2757; baseline 0.003 -15"><span class='ocrx_word' id='word_1_111' title='bbox 409 2674 511 2742; x_wconf 86' lang='lat' dir='ltr'>virtus</span> <span class='ocrx_word' id='word_1_112' title='bbox 538 2688 605 2755; x_wconf 78' lang='lat' dir='ltr'>est,</span> <span class='ocrx_word' id='word_1_113' title='bbox 643 2687 678 2745; x_wconf 89' lang='lat' dir='ltr'>ut</span> <span class='ocrx_word' id='word_1_114' title='bbox 709 2673 741 2743; x_wconf 88' lang='lat' dir='ltr'>in</span> <span class='ocrx_word' id='word_1_115' title='bbox 777 2672 936 2743; x_wconf 86' lang='lat' dir='ltr'>difficiliori</span> <span class='ocrx_word' id='word_1_116' title='bbox 961 2690 1046 2757; x_wconf 88' lang='lat' dir='ltr'>parte</span> <span class='ocrx_word' id='word_1_117' title='bbox 1073 2695 1107 2747; x_wconf 89' lang='lat' dir='ltr'>se</span> <span class='ocrx_word' id='word_1_118' title='bbox 1140 2677 1325 2749; x_wconf 77' lang='lat' dir='ltr'>ostenderet.</span> 
     </span>
     <span class='ocr_line' id='line_1_18' title="bbox 410 2803 1327 2889; baseline -0.001 -15"><span class='ocrx_word' id='word_1_119' title='bbox 410 2803 488 2881; x_wconf 88' lang='lat' dir='ltr'>Non</span> <span class='ocrx_word' id='word_1_120' title='bbox 515 2803 593 2872; x_wconf 92' lang='lat' dir='ltr'>enim</span> <span class='ocrx_word' id='word_1_121' title='bbox 616 2819 678 2871; x_wconf 92' lang='lat' dir='ltr'>tam</span> <span class='ocrx_word' id='word_1_122' title='bbox 704 2821 814 2889; x_wconf 90' lang='lat' dir='ltr'>magno</span> <span class='ocrx_word' id='word_1_123' title='bbox 847 2805 950 2871; x_wconf 91' lang='lat' dir='ltr'>animo</span> <span class='ocrx_word' id='word_1_124' title='bbox 983 2823 1066 2871; x_wconf 88' lang='lat' dir='ltr'>mors</span> <span class='ocrx_word' id='word_1_125' title='bbox 1090 2805 1206 2888; x_wconf 88' lang='lat' dir='ltr'>initur,</span> <span class='ocrx_word' id='word_1_126' title='bbox 1236 2825 1327 2888; x_wconf 91' lang='lat' dir='ltr'>quam</span> 
     </span>
    </p>
   </div>
   <div class='ocr_carea' id='block_1_4' title="bbox 1169 2954 1347 3021">
    <p class='ocr_par' dir='ltr' id='par_1_4' title="bbox 1169 2954 1347 3021">
     <span class='ocr_line' id='line_1_19' title="bbox 1169 2954 1347 3021; baseline 0.022 -17"><span class='ocrx_word' id='word_1_127' title='bbox 1169 3014 1172 3021; x_wconf 22' lang='lat'><strong>⁴</strong></span> <span class='ocrx_word' id='word_1_128' title='bbox 1281 2954 1347 3008; x_wconf 49' lang='lat' dir='ltr'>rev</span> 
     </span>
    </p>
   </div>
   <div class='ocr_carea' id='block_1_5' title="bbox 365 3053 1333 3315">
    <p class='ocr_par' dir='ltr' id='par_1_5' title="bbox 365 3053 1333 3315">
     <span class='ocr_line' id='line_1_20' title="bbox 401 3053 1087 3126; baseline -0.006 -2"><span class='ocrx_word' id='word_1_129' title='bbox 401 3063 433 3125; x_wconf 80' lang='lat'>8.</span> <span class='ocrx_word' id='word_1_130' title='bbox 466 3053 678 3126; x_wconf 75' lang='lat' dir='ltr'>Cenrurrerunt</span> <span class='ocrx_word' id='word_1_131' title='bbox 700 3062 775 3118; x_wconf 87' lang='lat' dir='ltr'>cod.</span> <span class='ocrx_word' id='word_1_132' title='bbox 799 3062 885 3121; x_wconf 83' lang='lat' dir='ltr'>Voss.</span> <span class='ocrx_word' id='word_1_133' title='bbox 908 3076 1087 3125; x_wconf 76' lang='lat' dir='ltr'>corruerunt.</span> 
     </span>
     <span class='ocr_line' id='line_1_21' title="bbox 404 3153 1333 3229; baseline 0.004 -16"><span class='ocrx_word' id='word_1_134' title='bbox 404 3155 494 3229; x_wconf 65' lang='lat' dir='ltr'>yon,</span> <span class='ocrx_word' id='word_1_135' title='bbox 521 3155 603 3227; x_wconf 85' lang='lat' dir='ltr'>quod</span> <span class='ocrx_word' id='word_1_136' title='bbox 622 3155 691 3213; x_wconf 86' lang='lat' dir='ltr'>huic</span> <span class='ocrx_word' id='word_1_137' title='bbox 711 3153 901 3224; x_wconf 82' lang='lat' dir='ltr'>descriptioni</span> <span class='ocrx_word' id='word_1_138' title='bbox 922 3160 1066 3227; x_wconf 77' lang='lat' dir='ltr'>praeclare</span> <span class='ocrx_word' id='word_1_139' title='bbox 1087 3157 1228 3227; x_wconf 83' lang='lat' dir='ltr'>inservit,</span> <span class='ocrx_word' id='word_1_140' title='bbox 1253 3155 1333 3217; x_wconf 85' lang='lat' dir='ltr'>abest</span> 
     </span>
     <span class='ocr_line' id='line_1_22' title="bbox 365 3250 587 3315; baseline 0 -7"><span class='ocrx_word' id='word_1_141' title='bbox 365 3264 385 3315; x_wconf 72' lang='lat' dir='ltr'>a</span> <span class='ocrx_word' id='word_1_142' title='bbox 406 3250 480 3308; x_wconf 86' lang='lat' dir='ltr'>cod.</span> <span class='ocrx_word' id='word_1_143' title='bbox 499 3255 587 3308; x_wconf 82' lang='lat' dir='ltr'>vost.</span> 
     </span>
    </p>
   </div>
   <div class='ocr_carea' id='block_1_6' title="bbox 367 3341 1340 4196">
    <p class='ocr_par' dir='ltr' id='par_1_6' title="bbox 367 3341 1334 3514">
     <span class='ocr_line' id='line_1_23' title="bbox 402 3341 1334 3431; baseline 0.005 -28"><span class='ocrx_word' id='word_1_144' title='bbox 402 3341 626 3403; x_wconf 81' lang='lat' dir='ltr'>Discedentiunr.</span> <span class='ocrx_word' id='word_1_145' title='bbox 640 3351 696 3403; x_wconf 86' lang='lat' dir='ltr'>Pro</span> <span class='ocrx_word' id='word_1_146' title='bbox 717 3358 755 3403; x_wconf 87' lang='lat' dir='ltr'>eo</span> <span class='ocrx_word' id='word_1_147' title='bbox 777 3341 957 3419; x_wconf 76' lang='lat' dir='ltr'>diffidentium</span> <span class='ocrx_word' id='word_1_148' title='bbox 972 3347 1051 3425; x_wconf 73' lang='lat' dir='ltr'>[alins</span> <span class='ocrx_word' id='word_1_149' title='bbox 1072 3347 1195 3421; x_wconf 87' lang='lat' dir='ltr'>habere,</span> <span class='ocrx_word' id='word_1_150' title='bbox 1215 3349 1244 3408; x_wconf 87' lang='lat' dir='ltr'>in</span> <span class='ocrx_word' id='word_1_151' title='bbox 1259 3349 1334 3431; x_wconf 68' lang='lat' dir='ltr'>ejus·</span> 
     </span>
     <span class='ocr_line' id='line_1_24' title="bbox 367 3438 921 3514; baseline -0.005 -14"><span class='ocrx_word' id='word_1_152' title='bbox 367 3439 434 3505; x_wconf 84' lang='lat' dir='ltr'>dem</span> <span class='ocrx_word' id='word_1_153' title='bbox 458 3438 529 3498; x_wconf 89' lang='lat' dir='ltr'>cod.</span> <span class='ocrx_word' id='word_1_154' title='bbox 552 3440 677 3514; x_wconf 79' lang='lat' dir='ltr'>margine</span> <span class='ocrx_word' id='word_1_155' title='bbox 706 3454 835 3500; x_wconf 85' lang='lat' dir='ltr'>notatum</span> <span class='ocrx_word' id='word_1_156' title='bbox 864 3457 921 3506; x_wconf 86' lang='lat' dir='ltr'>est.</span> 
     </span>
    </p>

    <p class='ocr_par' dir='ltr' id='par_1_7' title="bbox 370 3537 1340 3709">
     <span class='ocr_line' id='line_1_25' title="bbox 403 3537 1340 3619; baseline 0.004 -21"><span class='ocrx_word' id='word_1_157' title='bbox 403 3537 482 3598; x_wconf 85' lang='lat' dir='ltr'>Dum</span> <span class='ocrx_word' id='word_1_158' title='bbox 497 3541 585 3595; x_wconf 86' lang='lat' dir='ltr'>etiam</span> <span class='ocrx_word' id='word_1_159' title='bbox 600 3538 707 3597; x_wconf 82' lang='lat' dir='ltr'>studia.</span> <span class='ocrx_word' id='word_1_160' title='bbox 721 3537 800 3601; x_wconf 82' lang='lat' dir='ltr'>cod.</span> <span class='ocrx_word' id='word_1_161' title='bbox 815 3538 926 3597; x_wconf 86' lang='lat' dir='ltr'>Fabric.</span> <span class='ocrx_word' id='word_1_162' title='bbox 941 3539 1009 3597; x_wconf 81' lang='lat' dir='ltr'>dum</span> <span class='ocrx_word' id='word_1_163' title='bbox 1018 3540 1112 3599; x_wconf 81' lang='lat' dir='ltr'>studia</span> <span class='ocrx_word' id='word_1_164' title='bbox 1127 3547 1237 3611; x_wconf 82' lang='lat' dir='ltr'>etiam,</span> <span class='ocrx_word' id='word_1_165' title='bbox 1253 3542 1340 3619; x_wconf 90' lang='lat' dir='ltr'>quod·</span> 
     </span>
     <span class='ocr_line' id='line_1_26' title="bbox 370 3634 1315 3709; baseline 0.002 -14"><span class='ocrx_word' id='word_1_166' title='bbox 370 3634 495 3699; x_wconf 81' lang='lat' dir='ltr'>nesciam</span> <span class='ocrx_word' id='word_1_167' title='bbox 519 3649 554 3690; x_wconf 89' lang='lat' dir='ltr'>an</span> <span class='ocrx_word' id='word_1_168' title='bbox 575 3637 676 3692; x_wconf 83' lang='lat' dir='ltr'>meiius</span> <span class='ocrx_word' id='word_1_169' title='bbox 697 3634 744 3692; x_wconf 89' lang='lat' dir='ltr'>sit.</span> <span class='ocrx_word' id='word_1_170' title='bbox 781 3638 869 3701; x_wconf 83' lang='lat' dir='ltr'>Voss.</span> <span class='ocrx_word' id='word_1_171' title='bbox 884 3634 1013 3709; x_wconf 79' lang='lat' dir='ltr'>fastidia</span> <span class='ocrx_word' id='word_1_172' title='bbox 1034 3637 1130 3696; x_wconf 80' lang='lat' dir='ltr'>studia</span> <span class='ocrx_word' id='word_1_173' title='bbox 1151 3644 1252 3698; x_wconf 83' lang='lat' dir='ltr'>etiam.</span> <span class='ocrx_word' id='word_1_174' title='bbox 1312 3634 1315 3639; x_wconf 50' lang='lat'><em>⁴</em></span> 
     </span>
    </p>

    <p class='ocr_par' dir='ltr' id='par_1_8' title="bbox 406 3729 835 3813">
     <span class='ocr_line' id='line_1_27' title="bbox 406 3729 835 3813; baseline -0.007 -22"><span class='ocrx_word' id='word_1_175' title='bbox 406 3748 437 3808; x_wconf 81' lang='lat'>9.</span> <span class='ocrx_word' id='word_1_176' title='bbox 454 3731 571 3807; x_wconf 77' lang='lat' dir='ltr'>Efficax.</span> <span class='ocrx_word' id='word_1_177' title='bbox 607 3735 675 3788; x_wconf 76' lang='lat' dir='ltr'>Ata.</span> <span class='ocrx_word' id='word_1_178' title='bbox 698 3729 835 3813; x_wconf 65' lang='lat' dir='ltr'>inefficax.</span> 
     </span>
    </p>

    <p class='ocr_par' dir='ltr' id='par_1_9' title="bbox 370 3824 1336 3994">
     <span class='ocr_line' id='line_1_28' title="bbox 408 3824 1336 3901; baseline 0.004 -14"><span class='ocrx_word' id='word_1_179' title='bbox 408 3832 563 3891; x_wconf 72' lang='lat' dir='ltr'>Rcaocma.</span> <span class='ocrx_word' id='word_1_180' title='bbox 599 3825 656 3893; x_wconf 85' lang='lat' dir='ltr'>Pro</span> <span class='ocrx_word' id='word_1_181' title='bbox 682 3840 719 3884; x_wconf 86' lang='lat' dir='ltr'>eo</span> <span class='ocrx_word' id='word_1_182' title='bbox 750 3826 869 3884; x_wconf 83' lang='lat' dir='ltr'>codices</span> <span class='ocrx_word' id='word_1_183' title='bbox 894 3824 1032 3901; x_wconf 86' lang='lat' dir='ltr'>quosdam</span> <span class='ocrx_word' id='word_1_184' title='bbox 1066 3827 1170 3888; x_wconf 83' lang='lat' dir='ltr'>habere</span> <span class='ocrx_word' id='word_1_185' title='bbox 1195 3845 1336 3894; x_wconf 76' lang='lat' dir='ltr'>renovata</span> 
     </span>
     <span class='ocr_line' id='line_1_29' title="bbox 370 3927 575 3994; baseline -0.029 -9"><span class='ocrx_word' id='word_1_186' title='bbox 370 3941 470 3994; x_wconf 77' lang='lat' dir='ltr'>monet</span> <span class='ocrx_word' id='word_1_187' title='bbox 495 3927 575 3986; x_wconf 84' lang='lat' dir='ltr'>Pinc.</span> 
     </span>
    </p>

    <p class='ocr_par' dir='ltr' id='par_1_10' title="bbox 408 4017 996 4097">
     <span class='ocr_line' id='line_1_30' title="bbox 408 4017 996 4097; baseline -0.002 -16"><span class='ocrx_word' id='word_1_188' title='bbox 408 4023 579 4097; x_wconf 78' lang='lat' dir='ltr'>Difficiliori.</span> <span class='ocrx_word' id='word_1_189' title='bbox 612 4018 687 4078; x_wconf 85' lang='lat' dir='ltr'>Cod.</span> <span class='ocrx_word' id='word_1_190' title='bbox 711 4017 795 4081; x_wconf 89' lang='lat' dir='ltr'>Leid.</span> <span class='ocrx_word' id='word_1_191' title='bbox 827 4017 996 4092; x_wconf 74' lang='lat' dir='ltr'>di,.ciiiore.</span> 
     </span>
    </p>

    <p class='ocr_par' dir='ltr' id='par_1_11' title="bbox 409 4114 1334 4196">
     <span class='ocr_line' id='line_1_31' title="bbox 409 4114 1334 4196; baseline -0.004 -13"><span class='ocrx_word' id='word_1_192' title='bbox 409 4114 515 4186; x_wconf 74' lang='lat' dir='ltr'>latter.</span> <span class='ocrx_word' id='word_1_193' title='bbox 549 4115 676 4178; x_wconf 73' lang='lat' dir='ltr'>Mortem</span> <span class='ocrx_word' id='word_1_194' title='bbox 697 4118 792 4189; x_wconf 82' lang='lat' dir='ltr'>inire,</span> <span class='ocrx_word' id='word_1_195' title='bbox 822 4129 880 4178; x_wconf 85' lang='lat' dir='ltr'>tara</span> <span class='ocrx_word' id='word_1_196' title='bbox 900 4116 1011 4179; x_wconf 79' lang='lat' dir='ltr'>dictinr</span> <span class='ocrx_word' id='word_1_197' title='bbox 1032 4132 1174 4181; x_wconf 86' lang='lat' dir='ltr'>mutarunt</span> <span class='ocrx_word' id='word_1_198' title='bbox 1198 4121 1284 4196; x_wconf 79' lang='lat' dir='ltr'>igitur</span> <span class='ocrx_word' id='word_1_199' title='bbox 1305 4122 1334 4179; x_wconf 80' lang='lat' dir='ltr'>in</span> 
     </span>
    </p>
   </div>
   <div class='ocr_carea' id='block_1_7' title="bbox 1285 4235 1336 4282">
    <p class='ocr_par' dir='ltr' id='par_1_12' title="bbox 1285 4235 1336 4282">
     <span class='ocr_line' id='line_1_32' title="bbox 1285 4235 1336 4282; baseline 0.02 -1"><span class='ocrx_word' id='word_1_200' title='bbox 1285 4235 1336 4282; x_wconf 69' lang='lat' dir='ltr'>md·</span> 
     </span>
    </p>
   </div>
   <div class='ocr_carea' id='block_1_8' title="bbox 1265 4400 1275 4437">
    <p class='ocr_par' dir='ltr' id='par_1_13' title="bbox 1265 4400 1275 4437">
     <span class='ocr_line' id='line_1_33' title="bbox 1265 4400 1275 4437; baseline 0 0"><span class='ocrx_word' id='word_1_201' title='bbox 1265 4400 1275 4437; x_wconf 75' lang='grc' dir='ltr'><em>Ι</em></span> 
     </span>
    </p>
   </div>
   <div class='ocr_carea' id='block_1_9' title="bbox 0 0 1590 5175">
    <p class='ocr_par' dir='ltr' id='par_1_14' title="bbox 0 0 1590 5175">
     <span class='ocr_line' id='line_1_34' title="bbox 0 0 1590 5175; baseline 0 0"><span class='ocrx_word' id='word_1_202' title='bbox 0 0 1590 5175; x_wconf 95' lang='lat' dir='ltr'> </span> 
     </span>
    </p>
   </div>
  </div>
 </body>
</html>
