3150 5175
693 439 827 516 ’Ξ
1200 463 1241 533 ry

278 643 373 710 modo
394 641 482 709 ailato
507 639 620 706 dixerat
640 654 700 701 suo
719 635 848 718 tempori
875 642 1069 708 reservanda:
1094 644 1231 718 videmus

278 770 368 836 simui
392 789 427 835 ea
445 767 551 834 morali
575 764 785 848 philosophiae
803 765 880 847 parti
897 767 1029 850 opponi.
1071 772 1163 850 Unde
1178 796 1230 843 ue·

173 899 176 904 ’
248 873 251 878 “
280 896 403 963 usrmue
429 898 484 976 m,
511 896 654 961 senecam
679 892 732 959 ino
756 893 828 961 roeo
855 911 919 961 non
938 896 976 962 ae
1001 897 1181 968 Moralium
1199 901 1237 968 n·

280 1024 343 1091 bris
377 1024 552 1108 cogitasse,
585 1023 640 1089 sed
671 1023 709 1089 de
744 1024 804 1091 alio
840 1028 970 1107 quodam
1005 1047 1126 1112 opere,
1169 1048 1235 1113 quo

277 1153 421 1234 quaestio
444 1154 481 1216 de
505 1152 575 1218 Deo
597 1150 694 1232 deque
716 1151 821 1219 muudi
847 1173 902 1235 per
924 1156 1023 1222 Deum
1050 1156 1234 1224 formatione

282 1297 313 1346 et
334 1279 558 1368 gubernatione
572 1293 760 1346 tractaretur.
801 1280 900 1367 Quale
926 1302 1007 1365 opus
1030 1305 1099 1351 eum
1122 1284 1235 1354 inani·

282 1407 515 1486 mohabuisse,
538 1405 662 1490 vestigia
689 1407 833 1496 quaedam
850 1408 1001 1492 indicant,
1032 1432 1133 1494 quae,
1155 1429 1236 1497 age,

265 1537 470 1621 colligamus·
511 1537 546 1601 In
564 1535 664 1601 eadem
686 1535 738 1600 iiia
759 1540 862 1623 priami
886 1538 965 1603 libri
979 1539 1067 1605 Nat.
1097 1537 1236 1624 Querar.

275 1664 385 1752 praef.
411 1667 523 1748 5014,
549 1682 599 1748 ις.
626 1682 789 1750 postquam
815 1666 888 1735 utiie
914 1668 989 1735 dixit
1013 1687 1082 1734 esse
1106 1686 1239 1754 cognos-

245 1810 366 1875 tere,
407 1840 428 1874 „
450 1812 597 1878 quantum
632 1797 718 1864 Deus
747 1796 869 1879 possit3
899 1797 1049 1863 materiam
1079 1792 1147 1877 ipse
1178 1795 1239 1862 sibi
1324 1853 1327 1860 .

282 1965 306 2002 „
324 1920 456 2001 formet,
493 1939 531 1985 an
564 1923 630 1987 data
659 1924 811 2005 utatur,'’
840 1924 1030 2008 similiaque,
1069 1924 1112 1991 sic
1144 1925 1237 1991 finem

279 2049 365 2125 facit:
392 2094 413 2127 ‚,
435 2048 494 2112 Sed
519 2048 591 2112 haec
608 2047 750 2113 deinde.''
793 2047 876 2114 Tum
895 2049 936 2114 ib.
951 2069 982 2113 c.
1009 2070 1041 2114 ι.
1061 2052 1081 2133 ς
1101 2071 1130 2134 ³·
1152 2068 1238 2116 com·

281 2175 454 2240 memoratis
485 2173 629 2255 prodigiis
665 2172 868 2254 quibusdam,
912 2219 933 2251 „
954 2176 1074 2241 Dices”
1114 2178 1238 2258 inquit,

285 2350 307 2384 „
328 2303 420 2368 mihi:
453 2303 538 2386 Ergo
572 2301 663 2368 tuin
692 2301 782 2367 tantis
809 2278 960 2368 erroribus
984 2322 1039 2384 es,
1070 2317 1104 2368 ut
1136 2302 1240 2369 existi·

286 2428 308 2513 „'
329 2449 392 2500 mes
414 2433 497 2497 Deos
521 2430 665 2497 mortium
683 2430 769 2513 signa
791 2426 1002 2512 praemittere,
1023 2444 1054 2497 et
1072 2430 1238 2514 quidquam

283 2582 393 2642 „esse
417 2562 555 2635 interris
581 2575 641 2627 tam
666 2577 832 2644 magnum,
862 2561 947 2642 quod
974 2559 1072 2645 petire
1102 2560 1237 2630 mundus

283 2739 305 2775 „
326 2693 428 2761 sciat?
479 2692 548 2759 Erit
582 2690 663 2759 aliud
696 2688 747 2756 isti
776 2688 819 2754 rei
850 2703 981 2772 tempus.
1033 2689 1236 2772 Videbimus,

284 2865 306 2900 „
323 2837 361 2884 an
380 2834 480 2884 certus
501 2816 637 2882 omnium
657 2835 756 2881 rerum
779 2815 1025 2896 ordoaducatur,
1046 2830 1078 2879 et
1102 2816 1158 2881 alia
1172 2815 1238 2882 aliis

287 2993 309 3030 „
328 2948 367 3012 ita
399 2945 556 3026 complexa
580 2944 662 3024 sint,
691 2956 726 3010 ut
757 2941 843 3023 quod
870 2942 1037 3018 antecedit,
1071 2958 1123 3008 aut
1147 2961 1239 3009 causa

283 3074 365 3158 „sit
391 3073 605 3157 sequentium,
629 3086 682 3138 aut
700 3070 834 3155 signum.
877 3069 1078 3152 Videbimus,
1100 3092 1143 3136 an
1164 3069 1240 3139 Diis

281 3251 303 3289 „
324 3206 463 3271 humana
489 3203 552 3267 sint
578 3220 697 3283 corac;
720 3217 759 3265 an
783 3197 878 3265 seties
908 3198 995 3281 ipsa,
1019 3198 1097 3281 quid
1121 3197 1240 3267 factura

189 3309 193 3314 ⁸
283 3378 306 3414 „
326 3332 385 3413 sit,
419 3330 510 3397 certis
544 3348 643 3396 rerum
678 3328 760 3395 notis
800 3327 957 3393 nuntiet.’'
1007 3328 1146 3411 Denique
1174 3330 1238 3398 huc

279 3440 429 3540 referam,
455 3478 532 3540 quae
556 3457 593 3523 de
618 3455 798 3524 fulminibus
823 3457 864 3522 ait
891 3457 916 3521 l.
941 3477 972 3521 a.
995 3477 1026 3523 c.
1052 3459 1112 3538 46:
1148 3504 1170 3537 „
1191 3459 1237 3525 At

285 3611 421 3672 „quare
452 3587 570 3673 Jupiter
601 3600 655 3653 aut
693 3582 827 3651 ferienda
866 3585 991 3666 transit,
1025 3603 1077 3653 aut
1113 3582 1237 3651 innoxia

286 3763 307 3799 „
327 3716 433 3783 ferit‘.²¹
463 3716 498 3780 In
527 3717 668 3799 majorem
705 3733 754 3778 me
791 3712 998 3795 quaestionem
1038 3730 1153 3789 vocas,
1186 3707 1238 3772 cui

209 3926 221 3945 .
284 3893 311 3931 „
334 3864 407 3916 suus
424 3847 532 3925 locus,
551 3863 628 3912 suus
645 3843 709 3910 dies
731 3842 847 3908 dandus
866 3858 925 3910 est.
935 3841 957 3870 ”
999 3837 1127 3902 Videtur
1146 3833 1240 3916 igitur

283 3987 371 4054 tum,
404 3992 475 4040 cum
510 3971 586 4040 Nat.
618 3973 745 4059 Quaest.
780 3972 925 4041 scriberet
960 3960 1106 4051 (scripsit
1137 3977 1239 4033 autem

798 4098 827 4161 C
1197 4090 1241 4163 A.
