3150 5175
345 455 386 520 68
736 464 884 523 ·...““““...
957 499 961 507 ·

386 663 540 731 temnere,
562 646 741 730 cupiditates
768 646 922 729 fasndire3
945 659 1007 715 non
1033 647 1156 732 fulgetis
1182 652 1296 724 eamn·

388 798 506 847 aecus:
548 777 628 843 bona
659 790 759 841 vestra
786 775 936 844 Introrsus
961 779 1086 844 obversa
1110 795 1197 847 aunt.
1249 783 1301 849 Sic

389 907 521 973 mundus
546 903 692 970 exteriora
713 904 896 986 contemsit,
925 908 1097 989 spectaculo
1116 908 1163 975 sui
1186 911 1299 979 laetus.

388 1031 476 1100 Intus
502 1049 592 1098 omne
626 1031 719 1114 posui
752 1030 892 1100 bonum:
930 1052 993 1100 non
1028 1055 1114 1120 egere
1131 1002 1298 1121 felicitate,
1374 1123 1385 1136 ἡ

344 1159 511 1244 sfeiicitas
539 1173 642 1227 vestra
676 1172 734 1225 est.
779 1204 801 1241 „
822 1162 867 1225 At
894 1164 990 1229 multa
1015 1164 1152 1231 incidunt
1177 1167 1299 1248 tristia,

332 1331 336 1340 -
388 1333 412 1372 „
430 1289 603 1371 horrenda,
631 1290 706 1358 dura
733 1290 881 1357 toleratu!
895 1290 915 1319 ”
957 1291 1038 1377 Quia
1069 1312 1133 1361 non
1164 1311 1300 1378 poteram

388 1438 447 1488 vos
475 1420 541 1488 istis
566 1418 757 1500 subducere,
787 1419 904 1485 animos
924 1433 1045 1486 vestros
1063 1422 1209 1490 adversus
1234 1443 1299 1489 om·

386 1550 437 1617 nia
469 1550 593 1618 armavi.
635 1549 721 1621 Ferte
750 1545 889 1614 fortiter:
919 1547 980 1612 hoc
1007 1562 1077 1627 est,
1107 1569 1171 1629 quo
1197 1552 1300 1617 Deum

388 1676 582 1747 antecedatis.
633 1673 684 1737 ille
713 1686 796 1737 extra
833 1670 1005 1753 patientiam
1041 1674 1188 1769 maiorum
1222 1691 1299 1758 est,

334 1881 338 1888 ⁴
383 1820 443 1869 vos
475 1818 568 1882 supra
599 1797 786 1882 patientium.
839 1797 1036 1866 Contemnite
1067 1816 1296 1884 paupertatem:

385 1946 477 1995 nemo
509 1942 569 2006 tam
600 1946 716 2011 pauper
741 1901 838 2011 vivit,
868 1948 959 2010 quam
985 1944 1075 1998 natus
1101 1905 1161 1999 est.
1213 1933 1299 2010 Con·

286 2087 291 2097 ·
339 2133 341 2136 ,
384 2057 509 2126 temnite
540 2058 697 2126 dolorem:
729 2071 783 2124 aut
806 2059 964 2139 solvetur,
992 2073 1046 2126 aut
1071 2061 1182 2128 solvet.
1212 2063 1300 2131 Con·

341 2229 345 2268 3
385 2191 511 2257 temnite
541 2188 716 2256 fortunam:
754 2189 873 2282 nullum
903 2186 947 2253 illi
971 2189 1088 2271 telum,
1112 2210 1175 2273 quo
1198 2189 1301 2258 feriret

343 2385 346 2392 ,
383 2319 540 2398 animum,
578 2317 659 2386 dedi.
710 2316 906 2383 Contemnite
941 2332 1090 2384 mortem:
1129 2339 1207 2401 quae
1240 2338 1298 2388 voa

254 2479 257 2482 ·
342 2446 438 2514 daut
463 2444 549 2522 finit,
570 2459 622 2509 aut
644 2442 797 2508 transfert.
842 2443 924 2506 Ante
940 2445 1040 2510 omnia
1061 2445 1149 2526 caui,
1171 2461 1210 2512 ne
1227 2448 1296 2529 quis

382 2589 441 2638 vos
458 2584 571 2635 teneret
595 2567 731 2650 invitos,
760 2581 844 2651 patet
863 2567 973 2636 exitus.
1016 2571 1049 2636 Si
1075 2591 1211 2655 pugnare
1234 2594 1299 2641 non

383 2699 498 2779 vultis,
524 2697 597 2763 iicet
621 2695 739 2781 fugere.
791 2698 926 2780 Ideoque
950 2718 988 2764 ex
1016 2700 1158 2768 omnibus
1182 2703 1298 2786 rebus,

384 2849 460 2914 quas
479 2848 545 2894 esse
560 2827 649 2895 vobis
671 2828 853 2894 necessarias
869 2826 975 2908 volui,
994 2827 1069 2894 nihil
1086 2828 1143 2895 feci
1160 2829 1299 2915 facilius,

327 3005 329 3012 ·
383 2979 476 3045 quam
507 2958 597 3025 mori.
639 2957 741 3026 Prono
768 2957 897 3024 animam
922 2957 992 3022 ioco
1018 2958 1130 3040 posui:
1161 2960 1300 3028 trahitur.

344 3114 346 3117 ·
385 3088 542 3157 Attendite
564 3088 680 3168 modu,
702 3101 733 3151 et
749 3086 906 3167 videbitis,
929 3105 1018 3168 quam
1037 3085 1139 3152 brevis
1155 3090 1193 3152 ad
1211 3090 1298 3155 liber·

1259 3229 1304 3280 ta·

376 3343 477 3418 Cupid.
497 3346 540 3401 ita
552 3352 671 3415 quoque
686 3343 773 3398 croti.
787 3337 907 3397 etFabt·
921 3339 1057 3399 Nesciam
1071 3354 1180 3410 tamen,
1197 3356 1231 3399 an
1247 3358 1307 3401 me·

335 3436 394 3505 liot
419 3439 457 3499 ait
479 3440 590 3508 lectio,
617 3449 700 3510 quam
725 3432 864 3492 schottus
880 3448 909 3493 et
927 3433 1009 3509 Lipt.
1031 3436 1135 3495 habent
1158 3441 1307 3512 cupienda.

374 3549 405 3610 5.
424 3536 513 3613 Quia.
540 3533 624 3597 Fabt.
645 3549 746 3608 quare.
772 3533 883 3591 Contra
912 3548 995 3606 quum
1019 3548 1100 3608 supra
1124 3533 1184 3603 tv,
1202 3541 1233 3596 t.

371 3632 437 3695 Eat.
451 3631 529 3692 Idem
545 3630 590 3693 rit.
599 3631 758 3694 Praeferrm
772 3630 979 3702 tummumm,
996 3646 1029 3691 ut
1044 3633 1122 3690 mma
1136 3633 1235 3692 verbis
1247 3629 1297 3694 hoe

337 3743 403 3802 en,
419 3722 593 3806 comparatio
615 3729 759 3791 bonorum
781 3743 848 3789 cum
872 3729 1094 3804 Deotiocipiat.

377 3830 519 3889 Centeno.
530 3827 607 3901 fort.
621 3848 657 3866 -
672 3825 734 3882 Aut
750 3820 906 3898 transfert.
916 3822 1014 3883 Locus
1029 3824 1309 3885 nonannoeane·

339 3927 455 3999 poaittta
485 3923 604 3996 tegitur:
638 3921 779 3980 Centeno.
810 3929 951 3989 mortem,
985 3939 1059 3993 quae
1092 3933 1147 3982 aut
1165 3922 1235 3995 finit
1255 3933 1311 3982 aut

337 4018 497 4094 transferet
520 4037 579 4080 vos.
596 4019 739 4079 Contemn.
756 4014 833 4090 fort.
851 4045 890 4061 -
908 4015 984 4078 dede.
1116 4072 1120 4079 ,

379 4121 407 4174 6.
427 4116 512 4176 Cari.
535 4116 728 4190 exquisitius,
744 4128 837 4188 quam
850 4114 930 4190 quod
947 4119 1015 4179 Ant.
1043 4115 1127 4178 habet
1151 4118 1262 4177 cerati.

376 4212 498 4278 Attend.
518 4213 598 4276 naba.
617 4211 799 4278 Antecedne.
