3150 5175
689 381 846 474 ο.ι“.“.“·..,
1223 424 1269 484 tt

302 635 329 680 „
346 592 457 664 laribus
498 589 641 677 bonis,”
678 590 833 682 (ΕΜ
853 592 935 678 31.)
967 610 1027 678 ope
1053 592 1263 698 philosophiae

298 723 337 790 ad
369 727 481 791 rectam
513 709 733 807 placidamque*
751 733 882 787 mentem
905 720 1110 791 contendebat
1143 726 1257 826 (oo),

297 851 425 919 maxime
442 853 481 918 de
514 846 744 932 quaestionibus
778 864 848 916 cum
879 868 918 915 eo
952 850 1057 917 studio
1088 854 1260 950 conjunctis

296 976 386 1062 amici
424 974 605 1045 sententiam
639 975 794 1058 exquirere
835 976 965 1045 solebat.
1017 978 1170 1063 Exemplo
1197 981 1261 1051 sint

294 1076 494 1189 epistolarum
528 1103 742 1170 nonnullarum
778 1103 922 1187 exordia,
959 1106 1053 1174 veluti
1092 1107 1157 1197 Ep.
1202 1127 1259 1206 γε,

300 1230 437 1318 „Quod
460 1231 579 1313 quaeris
600 1250 617 1297 a
643 1249 713 1311 nte,
730 1229 863 1313 liquebat
888 1232 984 1315 mihi,
1001 1234 1028 1301 si
1047 1235 1255 1320 remeditarer,

301 1401 324 1440 „
343 1378 399 1442 per
422 1377 479 1425 se:
513 1358 567 1423 sed
593 1358 646 1424 diu
670 1376 734 1423 non
768 1359 914 1425 retentavi
944 1361 1116 1427 memoriam
1146 1327 1255 1433 mean,

299 1486 441 1569 „itaque
469 1503 533 1552 non
560 1482 721 1552 facilene
747 1487 899 1568 sequitur.
939 1486 1035 1575 Quod
1051 1487 1150 1555 evenit
1172 1455 1259 1562 libris

298 1614 403 1695 „situ
426 1612 678 1696 cohaerentibus,
716 1613 776 1680 hoc
801 1614 937 1680 evenisse
961 1612 1037 1680 mihi
1056 1613 1177 1683 sentior
1206 1635 1259 1692 exa

295 1786 319 1826 „
338 1743 494 1827 plicandus
524 1756 571 1809 est
594 1739 734 1821 animus,
764 1755 797 1808 et
821 1751 1021 1824 quaecunque
1055 1742 1137 1826 apud
1171 1711 1259 1838 illum

297 1914 319 1953 „
338 1870 475 1956 deposita
508 1884 604 1953 sunt,
633 1868 762 1937 subinde
792 1869 892 1937 excuti
916 1868 1049 1954 debent,
1083 1886 1120 1940 ut
1146 1861 1257 1955 parata

293 2036 321 2081 ‚‚,
339 1996 421 2079 sint,
446 1996 567 2080 quoties
588 2016 666 2064 usus
688 1996 833 2080 exegerit.
875 1995 962 2080 Ergo
978 1997 1040 2063 hoc
1058 1997 1092 2063 in
1114 2018 1255 2084 praesen,

297 2169 321 2210 ‚‚
340 2124 384 2191 tia
404 2123 595 2191 differamus:
619 2122 749 2189 multum
769 2121 848 2187 enim
870 2129 1005 2205 operae,
1036 2125 1166 2193 multum
1190 2126 1258 2206 dili,-

297 2295 320 2336 „
339 2250 455 2336 gentiae
477 2249 621 2334 poscit..”
649 2235 715 2337 Ep.
740 2252 799 2315 88:
823 2293 845 2331 „
866 2250 914 2315 De
942 2247 1115 2317 liberalibus
1143 2225 1254 2324 studiis

296 2378 413 2461 „quid
443 2376 592 2460 sentiam,
624 2376 702 2443 scire
732 2375 893 2443 desideras.
906 2366 935 2475 ’⁵¹
957 2373 1024 2464 Ep.
1051 2380 1103 2460 89.
1129 2421 1151 2459 „
1172 2376 1256 2474 Reor

253 2498 255 2502 ’
293 2503 438 2587 „utilem
465 2503 635 2586 desideras,
670 2517 701 2570 et
727 2504 764 2570 ad
783 2493 961 2587 sapientiam
987 2488 1161 2599 properanti
1191 2478 1255 2591 uti,-

294 2679 317 2715 „
337 2652 398 2717 que
433 2632 652 2715 necessariam,
683 2631 774 2699 diuidi
805 2632 1053 2718 philosophiam,
1087 2648 1118 2703 et
1146 2636 1256 2723 ingens

294 2779 452 2844 „corpus
479 2761 548 2844 ejus
575 2779 630 2842 pet
654 2744 789 2825 membra
811 2759 946 2842 disponi.
969 2763 1029 2845 (ς.
1052 2767 1112 2842 2.)
1134 2762 1256 2837 Faciam

294 2929 317 2969 „
338 2906 412 2977 ergo
439 2887 524 2969 quod
549 2885 666 2969 exigis,
687 2898 718 2951 et
741 2884 967 2969 philosophiam
991 2884 1024 2953 in
1043 2900 1166 2970 partes,
1187 2888 1252 2957 non

293 3013 371 3097 „in
412 3014 511 3083 frusta
545 3011 715 3082 divldam.”
751 3011 819 3102 Ep.
856 3013 929 3082 108.
973 3013 1073 3099 „1d,
1106 3014 1145 3082 de
1180 2984 1246 3101 quo

294 3184 316 3227 „
338 3141 477 3225 quaeris,
500 3157 537 3207 ex
554 3140 601 3206 his
618 3155 684 3221 est,
706 3160 784 3222 quae
800 3141 876 3207 scire
891 3146 1007 3208 tanturn
1020 3156 1079 3224 eo,
1100 3157 1135 3211 ut
1150 3108 1251 3231 scias,

294 3309 315 3352 ,‚
335 3270 478 3355 pertinet.
519 3269 580 3337 Sed
603 3267 801 3336 nihilominus
826 3268 897 3352 quia
914 3259 918 3268 “
925 3269 1056 3353 pertinet
1084 3282 1115 3339 et
1137 3292 1251 3359 prope·

1125 3396 1158 3486 vat
1177 3374 1252 3489 msa

326 3569 468 3641 (oo)1u
492 3571 553 3643 quo
576 3565 722 3627 Seneca
744 3573 848 3638 magno
866 3570 931 3627 eum
962 3569 1060 3631 sudio
1074 3569 1204 3646 adjuvit,
1222 3574 1258 3631 nt

290 3665 392 3725 scribit
415 3662 470 3740 Ep.
495 3678 546 3734 tas
571 3701 593 3734 ‚‚
623 3662 689 3739 ligo
712 3677 809 3738 quum,
829 3662 967 3725 vldlttem
1002 3665 1128 3725 indolem
1159 3678 1255 3733 tuam,

293 3798 318 3830 0,
337 3760 425 3836 lujecl
451 3775 580 3830 manum,
606 3762 774 3822 exhortatus
806 3776 887 3830 tum,
913 3763 1009 3823 addldl
1035 3764 1184 3830 stimulos,
1202 3774 1260 3823 aee

289 3891 315 3931 „
333 3861 412 3916 leuce
435 3856 478 3916 lre
507 3874 606 3933 pastus
630 3875 711 3932 sum,
739 3860 791 3921 sed
813 3859 936 3921 subinde
959 3857 1103 3920 excitetis
1124 3871 1154 3916 et
1181 3871 1259 3919 nune

289 3986 314 4026 „
333 3951 410 4013 ldem
433 3942 544 4017 neto?

720 4043 905 4113 'ss
