3150 5175
735 457 858 515 -'''¹'¹-·
1226 463 1267 530 31

352 656 398 710 est
424 637 569 725 mugitis,
598 654 634 703 ae
658 632 802 718 paulatim
826 633 941 719 frigore
969 623 1095 704 inducto
1121 655 1264 709 venarum

292 788 329 840 ιι
351 753 438 855 viget
456 762 652 835 constititit‘l'
688 761 815 849 Quanto
847 763 942 849 magis
973 765 1046 833 huic
1072 765 1265 834 invidendum

349 915 419 981 est,
450 915 543 980 quam
572 891 630 959 iliis
658 891 770 974 quibus
799 912 917 977 gemma
948 892 1158 976 ministratur,
1199 894 1267 978 qui·

349 1028 410 1094 bus
443 1024 579 1091 exoletus
605 1019 706 1087 omnia
735 1019 799 1103 pati
823 1022 953 1102 doctus,
984 1038 1120 1089 exsectae
1146 1021 1268 1092 virilita-

351 1155 415 1235 tis,
445 1165 497 1219 aut
530 1148 658 1231 dubiae,
702 1166 880 1232 suspensam
917 1166 992 1215 auro
1021 1149 1121 1217 nivem
1151 1150 1265 1220 diunt

350 1281 394 1348 Hi
424 1280 572 1364 quidquid
599 1277 749 1360 biberint,
780 1276 899 1344 vomitu
921 1278 1115 1346 remetientur
1138 1279 1263 1362 tristes,

351 1395 382 1475 et
410 1408 498 1475 bilem
522 1428 606 1475 suam
634 1416 844 1490 regustanten:
875 1401 1006 1484 atille,
1034 1408 1266 1473 venenumiau·

351 1550 401 1602 tus
427 1550 457 1601 et
474 1535 573 1601 iibens
596 1534 726 1600 hauriet.
769 1532 865 1618 Quod
883 1531 921 1597 ad
947 1533 1095 1599 Catonem
1114 1532 1262 1616 pertinet,
1375 1525 1377 1530 ’

347 1663 418 1730 satis
442 1664 555 1729 dictum
589 1676 652 1728 est:
687 1677 898 1742 summamque
922 1660 966 1724 iiii
993 1653 1166 1729 felicitatem
1191 1680 1267 1728 con·

348 1787 475 1877 tigisse,
506 1808 676 1857 consensus
706 1789 864 1857 hominurn
897 1787 1060 1857 fatebitur:
1091 1808 1182 1871 quem
1201 1788 1268 1857 *sibi

347 1938 448 1987 rerum
475 1934 581 1986 natura
614 1917 747 2001 delegit,
774 1936 846 1984 cum
871 1936 935 2000 qun
959 1920 1118 1986 metuenda
1143 1920 1267 1990 collide·

288 2066 330 2116 ra
350 2060 406 2116 ret.
453 2092 475 2130 „
496 2047 670 2124 Inimicitiae
697 2062 858 2133 potentum
890 2068 995 2131 graves
1031 2052 1127 2118 sunt?
1165 2071 1266 2136 eppo·

1167 2224 1195 2260 aa
1214 2197 1269 2246 ¹¹²·

344 2370 389 2417 11.
413 2355 557 2426 Bllrrint.
597 2355 695 2416 Codd.
721 2355 805 2417 [οἶά.
826 2360 971 2418 biberunt.
1013 2356 1087 2425 Illud
1112 2355 1273 2420 defenditur

308 2454 380 2512 loen
401 2453 471 2511 inire
493 2456 552 2522 iv,
578 2467 595 2521 7
618 2451 804 2527 „quidquid
826 2456 882 2515 iiiia
906 2454 1061 2525 inciderit,
1087 2471 1193 2516 nerum
1218 2472 1270 2517 ve·

301 2589 326 2622 „
343 2549 435 2610 niet.”

279 2704 282 2708 Δ
337 2649 546 2708 demetentur.
583 2649 653 2708 Am.
676 2650 767 2709 lectio
795 2656 949 2711 remittunt
973 2654 1011 2713 ex
1034 2655 1272 2731 interpretatione

299 2743 415 2802 uidetur
436 2756 507 2801 orte.

340 2838 539 2911 Reguttantet.
566 2835 648 2896 Febr.
675 2849 836 2910 gustantes.
874 2840 914 2897 Et
942 2857 1012 2899 mox
1038 2842 1134 2901 bilem
1155 2859 1211 2915 pre
1237 2844 1273 2902 ll·

301 2933 385 3000 letes.
405 2931 520 3004 nitide.
734 2982 736 2987 ,
1183 2968 1186 2973 -

340 3027 478 3087 Hauriet.
496 3025 578 3085 Febr.
592 3021 707 3095 hausit,
726 3025 777 3084 ted
804 3039 876 3084 emet
893 3027 920 3084 in
937 3026 981 3086 bis
1000 3028 1126 3088 intutum
1145 3037 1273 3104 senece,

301 3122 412 3182 etiamsi
434 3123 612 3183 demortuis
635 3136 728 3180 eertno
746 3121 806 3192 tit,
824 3122 914 3180 veluti
936 3139 1021 3197 rupea
1044 3124 1082 3184 de
1104 3127 1273 3189 Maecenate

297 3220 451 3295 vigilabit,
469 3217 520 3277 ubi
543 3216 623 3276 Febr.
645 3217 713 3275 item
730 3216 851 3276 babebat
868 3218 1041 3291 perlectum.
1129 3245 1131 3251 ·

335 3316 418 3394 Quod
427 3314 469 3373 ad
481 3317 545 3376 Cat.
559 3317 696 3388 pertinet.
717 3320 803 3375 Voss.
819 3317 1006 3389 quantumi
1015 3319 1163 3388 Catonem,
1182 3319 1271 3390 omit·

296 3417 487 3488 adpertinet.
519 3412 595 3472 Iiind
615 3426 728 3484 entem,
757 3430 822 3472 cum
847 3416 884 3473 tit
908 3416 998 3475 miuus
1030 3421 1187 3491 utiterum,
1214 3422 1266 3482 bn·

298 3507 344 3582 ine
367 3509 427 3567 incl
452 3511 581 3582 gravitati
607 3512 701 3584 aptius
724 3511 850 3569 videtur.
1109 3544 1112 3549 ι

333 3603 489 3664 Celllderet.
511 3607 592 3668 Febr.
608 3604 771 3667 colluderet.
816 3604 937 3666 videtne
959 3608 1048 3680 igitur
1070 3611 1198 3671 librarius
1212 3622 1270 3673 tte·
1338 3602 1341 3609 ¹

303 3701 409 3761 tuenda
428 3716 483 3776 pro
504 3705 570 3764 sem.
595 3705 667 3775 ring.
693 3702 845 3767 babuisse,
874 3718 938 3760 cnm
963 3708 1000 3763 eit
1023 3721 1153 3764 nentrum
1176 3710 1271 3782 pltare·

296 3798 339 3854 le:
366 3814 409 3855 res
440 3794 734 3866 otenee'neetttentlas,
752 3809 784 3853 ut
811 3796 884 3854 infra
908 3799 1015 3871 v1,4.
1038 3800 1186 3860 metuenda
1208 3821 1271 3862 catt-

295 3903 426 3950 lemttere.
1223 3906 1229 3917 ’

334 4006 379 4053 it.
403 3994 569 4055 Potentttte.
597 3992 692 4053 codd.
715 3989 801 4053 teil.
815 3997 985 4065 potentium.

828 4089 855 4146 G
878 4109 894 4148 a
1224 4094 1273 4154 Ci-
