3150 5175
691 431 816 502 Ξ
970 477 976 492 ι
1199 446 1240 511 ⁸9

277 615 351 684 cium
384 613 424 685 ab
440 639 443 646 ’
457 636 491 684 ea
524 617 696 703 videretur,
734 616 801 700 ejus
836 611 879 680 rei
914 615 1057 684 rationem
1088 615 1121 684 in
1150 637 1241 690 notu·

276 742 315 812 lis
347 745 492 832 subiectis
529 746 682 812 redderem
715 743 810 826 (3),
851 757 915 808 tum
951 759 1081 812 ceteram
1116 727 1241 822 varieta-
1309 813 1311 815 ,

275 886 363 956 tem,
392 894 471 958 quae
500 873 571 940 licet
600 872 634 938 in
665 884 781 939 tentum
816 889 879 937 non
914 871 1102 954 recipienda,
1127 866 1241 944 notatu

275 1014 374 1070 tamen
397 1002 488 1085 digna
512 1000 685 1083 videretur,
714 999 819 1084 paucis
840 1016 1120 1070 commemorarem.

316 1130 361 1198 Et
384 1126 577 1212 praefationis
606 1126 654 1196 hic
682 1125 755 1197 linis
780 1148 847 1193 esse
873 1140 1002 1211 posset,
1037 1128 1094 1196 nisi
1117 1130 1238 1220 jamjam

275 1255 455 1322 Academiae
492 1257 693 1326 valedicturus
735 1270 771 1326 ut
814 1256 871 1335 iis,
916 1255 970 1337 qui
1005 1256 1081 1322 bene
1114 1259 1153 1328 de
1188 1278 1237 1326 me

275 1380 373 1447 meriti
396 1396 489 1465 sunt,
520 1359 630 1467 gratias
657 1401 800 1467 agerem,
833 1397 864 1449 et
889 1402 958 1449 mos
988 1382 1173 1468 requireret,
1207 1398 1238 1452 et

275 1528 350 1576 vero
376 1527 486 1580 sensus
510 1511 602 1580 animi
626 1514 808 1596 postularet·

309 1635 415 1732 ‚Vobis
447 1637 560 1724 igitur,
597 1640 664 1710 Viri
703 1642 897 1710 Clarissimi!
934 1640 1237 1728 sregenbeelri‚

274 1762 424 1848 Palmi,
462 1764 697 1853 denudari,
731 1768 987 1855 Tydemanni
1021 1771 1143 1844 Pater
1184 1787 1238 1846 at·

274 1913 349 1976 que
380 1893 483 1978 Fili,
517 1895 690 1964 Asseni!
722 1912 752 1961 et
790 1916 868 1979 quae
901 1910 999 1965 cetera
1030 1900 1110 1972 clara
1137 1916 1239 1974 vestra

273 2020 397 2090 nomina
422 2039 579 2089 recensere
617 2042 763 2112 possem,
795 2042 876 2106 quos
909 2023 942 2088 in
969 2025 1055 2094 vario
1087 2029 1238 2102 doctrina·

275 2166 345 2216 rum
369 2166 479 2231 genere
494 2148 707 2231 Praeceptores
723 2148 855 2230 habere,
879 2168 1015 2240 quorum
1037 2154 1235 2232 eruditiorem

275 2271 433 2354 admirari,
459 2273 697 2366 benevolentiam
726 2290 757 2340 et
783 2275 997 2346 humanitatem
1020 2278 1146 2364 experiri
1162 2300 1239 2354 corr-

275 2404 364 2486 tigit,
400 2402 662 2486 persuasissimum
697 2402 797 2472 Vobis
828 2404 869 2472 sit
902 2407 940 2472 de
973 2423 1059 2492 grato
1095 2409 1235 2496 discipuli

273 2533 387 2602 animo·

313 2659 382 2725 Vos
408 2673 508 2727 autem
533 2628 694 2740 praecipue
723 2659 921 2740 compellandi
942 2662 1015 2731 mihi
1046 2665 1139 2747 estis,
1162 2666 1236 2737 Cla·

273 2787 385 2855 rissinri
405 2786 515 2872 ⁴Balri
545 2800 575 2875 et
599 2786 885 2870 Peerlkampi!
915 2792 989 2855 alter
1016 2795 1086 2859 olim
1119 2794 1236 2861 adoles-

273 2914 387 2980 centiae
413 2932 497 2979 meae
522 2890 702 2994 Praeceptor
730 2912 905 2993 carissime,
931 2917 1006 2980 aner
1030 2916 1064 2983 in
1101 2917 1158 2985 hac
1185 2937 1236 2984 so·

271 3044 414 3110 lennitate
429 3041 591 3109 Promotor
616 3039 886 3123 Aestimatissirnc,
914 3056 1041 3124 uterque
1062 3041 1233 3109 studiorum

272 3190 409 3241 meorum
437 3170 509 3243 Dux
536 3185 567 3236 et
593 3170 726 3257 Adjntor
753 3169 883 3252 optime!
919 3170 1032 3265 'Quod
1055 3171 1083 3237 si
1109 3188 1231 3255 tempus

270 3301 462 3385 praeteritum
494 3299 702 3384 recordatione
730 3314 861 3382 repeto,
890 3313 940 3365 tot
965 3319 999 3367 ac
1032 3317 1112 3373 tanta
1134 3315 1233 3369 vestra

270 3429 414 3496 beneficia
437 3443 621 3508 occurrunt,
652 3443 687 3494 ut
725 3428 800 3510 quid
831 3427 919 3494 vobis
952 3427 1097 3509 debeam,
1129 3428 1231 3495 verbis

269 3557 342 3627 satis
368 3556 532 3641 exprimere
557 3576 605 3625 me
629 3575 723 3639 posse
752 3555 900 3633 diffidam:
933 3572 1080 3637 pectore,
1109 3571 1233 3639 pectore

1188 3694 1234 3741 m·

322 3887 338 3950 i
347 3887 387 3958 3)
408 3891 450 3944 lta
474 3900 584 3956 tamen,
604 3899 635 3943 ut
654 3885 916 3960 interpunctionem
935 3899 963 3943 et
982 3880 1236 3955 orthoprrplrlrm,

265 4000 296 4041 ιι.
332 4000 360 4043 c.
390 4002 451 4043 cum
481 4001 515 4041 an
538 4000 622 4057 quum
647 3985 847 4053 scribendum,
878 4000 907 4042 et
935 3998 1007 4054 quae
1029 3994 1121 4061 nuces
1147 3982 1235 4045 literis

265 4081 431 4156 majusculis
455 4080 608 4139 ordiendae
630 4096 744 4153 errent,
771 4081 907 4151 integram
933 4080 1002 4136 milri
1025 4092 1173 4142 servarem

269 4167 273 4203 ι
776 4184 878 4279 Βῧι
