3150 5175
317 437 359 500 40
732 425 853 482 Ξ
869 432 871 435 ⁴

356 606 417 674 fert
449 609 545 676 ulium
584 610 675 677 ictum
701 607 801 675 illaesa
825 601 979 675 'felicitast
1011 594 1057 674 at*
1071 608 1125 674 ubi
1155 595 1273 678 assidua

358 734 418 803 fuit
440 754 511 802 cum
538 732 736 797 incommodis
763 732 829 797 suis
852 732 934 813 rixa,
963 732 1070 799 callum
1105 752 1161 814 per
1194 734 1274 816 iniu-

357 864 419 931 rias
445 845 551 939 ducit,
572 875 628 924 nec
653 857 709 925 uili
734 859 816 928 maio
850 855 961 926 ceditr‘
981 860 1036 926 sed
1061 859 1176 926 etnmd
1199 857 1276 925 ceci·

316 987 454 1074 sderit‚
485 990 522 1055 de
543 1004 630 1073 ¹,tenu
653 1003 781 1074 pugnat.
825 990 951 1057 Miraris
977 981 1037 1071 tu,⁸
1064 993 1091 1058 ai
1116 992 1199 1060 Deus
1223 990 1273 1055 iile

359 1117 527 1190 bonorum,
547 1117 792 1197 amantissimus,
827 1120 880 1200 qui
918 1120 988 1185 iilos
1022 1140 1114 1202 quam
1145 1115 1275 1202 optimos

360 1265 434 1312 esse·
466 1260 557 1328 atque
591 1246 858 1314 excellentissimos
892 1248 986 1327 vuit,
1016 1244 1170 1332 fortunam
1198 1246 1276 1326 iilis,

360 1391 431 1441 cum
456 1394 520 1458 qua
549 1390 759 1457 exerceantur,
795 1375 956 1459 assignati
1005 1374 1077 1459 Ego
1109 1396 1183 1442 vero
1211 1379 1275 1440 non

362 1505 479 1587 miror,
508 1504 536 1570 si
565 1505 724 1586 aliquando
742 1504 889 1583 impetum
909 1502 1032 1581 capiunt
1054 1502 1104 1566 Dii
1125 1500 1279 1582 spectandi

360 1649 488 1713 magnos
520 1631 621 1708 viros,
643 1630 840 1693 colluctantes
866 1646 936 1691 cum
970 1627 1068 1707 aliqua
1101 1628 1277 1692 calamitate.

361 1754 463 1820 Nobis
488 1755 636 1820 interdum
669 1754 819 1835 voluptati
855 1768 925 1835 est,
952 1754 978 1820 si
1006 1755 1182 1819 adolescens
1203 1772 1279 1826 con,-

357 1882 466 1950 stantis
498 1881 590 1949 animi
631 1884 793 1954 irruentem
826 1882 919 1949 feram
949 1884 1112 1949 venabulo
1131 1883 1247 1966 excepit
1263 1929 1283 1963 ,⁸

281 2086 288 2102 .
357 2011 383 2078 si
424 2013 520 2106 leonis
552 2011 706 2084 incursum
751 2013 905 2080 interritus
922 2018 925 2020 ’
945 2013 1092 2104 pertulit:
1132 2026 1278 2092 tantoque

366 2143 573 2223 spectaculum
600 2157 645 2207 est
665 2142 799 2225 gratius,
826 2156 940 2225 quanto
968 2141 999 2206 id
1016 2140 1171 2207 honestior
1192 2140 1277 2208 fecit.

322 2271 343 2336 6
364 2269 439 2346 Non
467 2289 540 2340 sunt
571 2273 654 2351 ista,
684 2291 760 2350 quae
788 2287 919 2351 possunt
945 2272 1080 2337 Deorum
1100 2270 1131 2333 in
1157 2290 1190 2336 sc
1214 2269 1282 2334 vui·

1214 2412 1286 2459 tum.

357 2540 455 2597 Ducit.
482 2538 566 2598 Febr.
581 2537 689 2605 duxit,
710 2538 789 2611 quod
815 2538 936 2595 fortasse
951 2537 1060 2595 meiius.

358 2636 509 2695 Cectdtrit.
547 2635 647 2694 Rubi.
678 2641 755 2693 soius
780 2637 869 2694 edidit
895 2633 1053 2707 occiderim,
1076 2628 1184 2703 ceteri,
1211 2651 1286 2708 qnos

320 2733 522 2804 sidionem,
556 2733 639 2791 etiem
657 2733 729 2790 Mra.
752 2732 904 2803 ceciderim
932 2734 990 2789 hoc
1014 2733 1102 2805 igitur.
1124 2732 1217 2789 visum
1241 2748 1286 2790 est

322 2834 539 2893 restituendum.
1207 2829 1210 2836 '

363 2947 390 3003 5.
410 2930 546 3005 Impetum
572 2933 689 3004 capiunt
713 2932 764 2986 Dii
787 2928 947 3002 spectandi,
985 2930 1006 2986 i.
1030 2944 1058 2988 e.
1082 2929 1191 2999 cupido
1213 2936 1291 2989 Deos

324 3028 431 3086 incedit
458 3025 621 3097 spectandi:
654 3039 727 3095 quae
759 3025 872 3081 locutio
898 3025 1037 3081 Suetonio
1060 3023 1203 3096 frequens.
1243 3027 1289 3082 Ex

328 3140 361 3182 er
385 3139 443 3179 non
467 3122 612 3180 interiecta
630 3121 749 3179 fluxisse
777 3121 891 3176 viderur
912 3121 1072 3188 Codicum,
1099 3122 1181 3175 etiam
1209 3120 1292 3180 Leid.

328 3219 437 3288 lectio,
471 3233 554 3291 quam
581 3219 663 3276 Pinc.
685 3232 803 3289 quoque
827 3218 855 3272 in
881 3232 935 3272 suo
959 3218 1093 3289 exemplo
1117 3206 1230 3295 habuita
1266 3219 1292 3275 si

326 3316 477 3390 aliquando
494 3321 626 3395 impetum
647 3318 773 3388 capiunt.
808 3316 942 3388 Spectant
965 3315 1036 3372 Dii:
1065 3314 1140 3371 unde
1164 3295 1245 3372 Pinc.
1264 3329 1294 3371 et

329 3422 417 3474 Gron.
442 3412 539 3478 fecere
568 3411 722 3484 siquando
747 3415 769 3467 ι’.
794 3430 817 3467 e.
839 3412 992 3486 spectandi.
1029 3413 1107 3485 urps.
1133 3426 1161 3468 et
1195 3390 1296 3470 Ruitirs

331 3522 396 3570 ante
412 3521 494 3585 spect.
510 3509 652 3571 inseruere
668 3511 739 3578 Dii,
754 3526 828 3583 quos
846 3509 1115 3577 secutussum‚uisi
1131 3507 1211 3581 quod
1227 3502 1294 3565 anc-¹
1352 3578 1357 3585 Ο

332 3609 450 3667 toritare
465 3607 563 3666 Codd.
586 3606 651 3665 dedi
671 3605 842 3680 aliquando,
869 3608 948 3679 qnod
970 3620 1171 3676 nonnunquam
1188 3604 1217 3663 in
1234 3620 1295 3681 grs-

331 3707 406 3766 viori
430 3706 577 3774 oracione,
605 3717 636 3762 uc
660 3702 689 3760 h.
712 3705 733 3759 i.
756 3715 822 3775 post
846 3709 871 3759 si
893 3716 1053 3775 usurpatur.

368 3802 536 3864 Interritus.
574 3799 658 3858 Febr.
679 3802 757 3855 inter
780 3803 864 3855 ictor.

372 3879 532 3960 Honestior.
568 3898 639 3958 dr‘n.
662 3894 821 3961 honestius,
849 3892 929 3963 quod
954 3890 1087 3963 frigidius
1110 3893 1235 3951 videtur.

375 3998 405 4053 6.
423 3999 547 4057 Possunt.
584 3997 669 4053 Voss.
692 3996 811 4067 possint.
848 3989 926 4047 idem
949 4004 1047 4049 contra
1069 4007 1123 4065 pro
1145 3988 1299 4065 respiciat(

337 4092 417 4168 quod
439 4108 507 4151 mox
529 4094 676 4166 sequitur,
703 4093 829 4167 respicit.
1245 4081 1302 4139 Sed
