3150 5175
337 638 535 710 mutinam
565 633 828 717 uuntopfiu
858 634 904 702 A.
945 654 1057 722 1797,
1098 639 1223 709 duobus
1253 642 1300 714 uti

341 768 473 854 contigit
505 764 673 833 Codicibus
707 762 834 841 MStis‚
871 763 1054 833 humanitate
1081 765 1148 834 Viri
1174 771 1300 838 Doctis·

215 955 221 970 ,
340 896 411 965 simi
438 894 542 962 Geel
570 891 773 958 Bibliothecae
800 890 946 959 Praefecti
970 894 1134 963 concessis.
1176 897 1300 965 Horum

340 1024 417 1093 ulter
443 1034 491 1088 est
523 1019 790 1101 membranaceus,
827 1019 1007 1088 nitidissime
1037 1023 1189 1108 scriptus,
1220 1027 1296 1093 haec

341 1151 375 1217 in
405 1148 507 1216 fronte
538 1166 669 1233 gerenst
719 1191 740 1231 „
761 1147 812 1214 Ex
844 1147 1032 1218 Bibliotheca
1067 1153 1212 1237 unigeniti
1241 1154 1297 1220 lilii

342 1323 365 1360 „
382 1276 613 1362 Iohannis,
627 1275 659 1361 J.
677 1276 734 1344 Ut.
755 1277 798 1343 D.
813 1276 1018 1345 Bibliothecae
1036 1278 1200 1364 Lugduno·
1212 1280 1297 1349 Bata·

243 1495 247 1500 ,
342 1449 364 1488 ,‚
385 1427 440 1473 vae
458 1406 605 1486 donavit,
631 1404 689 1493 Vir
706 1405 791 1472 Clar.
808 1403 1057 1471 Franciscus
1080 1407 1299 1489 Fabritius

341 1578 365 1618 „
385 1533 572 1618 Theologiae
592 1530 677 1600 Prof.
705 1548 791 1613 pater
814 1532 989 1599 moerens.''
1025 1533 1234 1602 Continentur
1256 1509 1294 1603 eo

382 1682 399 1728 t
424 1661 600 1747 Epistulae.
635 1657 722 1723 Ordo
743 1657 928 1745 aliquantum
958 1658 1135 1724 immutatus
1157 1676 1230 1742 est,
1259 1684 1294 1728 v.

333 1806 366 1852 e.
386 1805 463 1868 quae
488 1788 565 1852 solet
590 1784 622 1849 in
649 1773 831 1852 editionibus
854 1804 922 1851 esse
962 1786 1013 1869 87.
1043 1800 1232 1867 postremum
1261 1789 1293 1856 in

336 1913 421 1982 eod.
452 1915 554 1980 locum
582 1927 682 1980 tenet.

382 2065 414 2109 o.
438 2042 489 2108 De
520 2042 662 2109 remediis
681 2043 908 2127 fhrtuitorun.
946 2041 1040 2108 Liber
1072 2042 1198 2125 spurius
1224 2062 1293 2110 csse

337 2171 482 2240 ereditur.
514 2171 595 2237 Idem
622 2186 693 2253 est,
725 2172 779 2253 qui
810 2169 933 2238 editioni
957 2169 1119 2254 Lipsianae
1149 2170 1296 2257 subjunc-

338 2316 389 2368 tus
422 2298 571 2367 invenitur
595 2299 655 2365 hoc
684 2299 789 2367 titulo:
822 2298 989 2385 Excerpta
1016 2284 1106 2380 alie,
1134 2300 1193 2366 nisi
1212 2301 1296 2382 quod
1373 2305 1378 2316 '

338 2429 370 2495 in
403 2428 464 2493 fine
491 2441 564 2508 post
589 2426 704 2491 verba:
739 2426 866 2503 „Felix
891 2440 954 2497 est,
986 2444 1051 2490 non
1080 2426 1133 2506 qui
1156 2428 1219 2492 aliis
1252 2428 1296 2493 vi·

340 2598 361 2635 „
381 2554 489 2632 detur,
518 2551 572 2617 sed
587 2552 641 2633 qui
664 2549 765 2632 sibi,”
794 2549 903 2616 Codex
927 2549 999 2616 haec
1028 2551 1153 2632 insuper
1182 2521 1293 2627 habeta,

335 2718 360 2765 „
380 2680 475 2747 Vides
498 2695 621 2761 autem,
651 2698 742 2762 quam
769 2679 852 2745 domi
875 2677 915 2744 sit
943 2679 1000 2744 ista
1031 2676 1194 2744 felicitas.”

381 2829 412 2894 3.
433 2809 531 2875 Liber
554 2812 680 2898 primus
712 2810 823 2875 Seneee
857 2807 895 2875 de
910 2780 913 2785 Ι
930 2806 1154 2896 providencia.
1210 2806 1287 2874 Cum

338 2938 474 3006 mundus
488 2935 697 3028 providencia
715 2950 865 3025 regatur.
895 2935 1062 3023 ,Queritur
1088 2957 1192 3023 quare
1213 2938 1296 3002 mol·

335 3080 375 3133 ia
400 3069 488 3132 maia
513 3069 597 3131 bonis
620 3070 699 3133 viris
722 3065 874 3130 accidunt
890 3068 925 3129 in
954 3066 1012 3129 hoc
1034 3063 1165 3130 mundo*
1186 3065 1253 3146 (45
1267 3069 1293 3131 ἶ.

378 3212 413 3271 4.
436 3193 535 3262 Liber
558 3188 707 3256 secundus
731 3189 864 3267 n'usdene
889 3188 929 3255 de
946 3189 1154 3278 providencia
1175 3187 1224 3254 ad
1242 3191 1295 3253 Se·

295 3362 297 3366 -
334 3335 458 3384 renum.
501 3315 601 3401 Quod
618 3320 654 3380 in
681 3317 851 3402 sapientem
878 3336 933 3381 nec
954 3315 1083 3396 injuria
1112 3336 1167 3380 nee
1185 3329 1295 3382 contu·

304 3452 308 3459 ‘
336 3443 431 3512 melia
450 3444 570 3513 eadee.
591 3443 676 3511 Alias
692 3442 751 3510 dici
768 3445 848 3511 solet
862 3444 901 3512 de
919 3445 1105 3513 Constantia
1125 3446 1293 3534 sapientis.
1340 3526 1344 3534 ι

381 3589 413 3656 5.
434 3571 486 3637 De
512 3571 583 3638 Ira.
830 3568 833 3573 ⁴

380 3703 414 3769 6.
437 3700 488 3768 De
505 3700 763 3790 Tranquillitate
786 3705 902 3770 animi.

1262 3850 1295 3916 7·

374 3962 462 4038 (45)
490 3960 599 4033 Noster
621 3958 734 4023 libellus
756 3971 815 4022 ese.
854 3957 893 4017 lls
923 3970 1036 4027 auten,
1062 3955 1092 4018 ln
1116 3955 1223 4032 quibos
1240 3957 1302 4033 ipsa

337 4056 459 4120 Coelicls
475 4061 627 4139 inscriptio
649 4057 786 4121 servanda
801 4056 968 4128 videbatur,
986 4055 1153 4119 asteriscum
1169 4055 1300 4131 apposui.
