3150 5175
706 493 831 576 =
926 531 929 542 “
1228 524 1250 595 t

289 699 330 768 do
357 699 562 771 Prntidontia
596 701 790 788 strepuere
820 697 906 766 bonis
930 698 1011 767 airis
1045 699 1133 766 mala
1158 707 1244 768 accl-

291 827 392 911 dant,
429 851 500 898 com
529 831 573 893 sir
587 824 806 894 Providentia.
849 828 898 894 De
916 845 982 910 quo
1009 844 1080 894 cunt
1095 826 1244 897 notua

293 956 442 1026 tissimum
460 956 686 1037 Praeceptorern
711 954 851 1024 Vitont
876 935 984 1024 Cla'r.
1014 953 1245 1030 Peerlkam-

288 1087 398 1173 pium
428 1085 673 1163 consuluissem,
712 1081 739 1150 is
775 1082 917 1175 probavit
943 1081 1131 1169 consiliunt,
1163 1105 1245 1154 erm·

294 1232 357 1297 que
383 1211 530 1279 tationem
562 1226 598 1278 ut
640 1228 802 1293 sequerer,
840 1223 946 1278 auctor
980 1210 1059 1294 fuit,
1093 1226 1129 1280 ut
1162 1210 1244 1282 infla

295 1357 435 1423 textum,
473 1356 564 1423 quent
596 1329 726 1420 vocant,
762 1336 894 1404 breviter
935 1335 1062 1407 indicata
1100 1340 1242 1409 varietate

294 1467 431 1536 lectionis
462 1484 492 1536 et
524 1471 661 1538 locorum
693 1466 856 1547 difficilium
894 1465 964 1547 quis
995 1464 1148 1534 videretur
1172 1431 1244 1536 esse

292 1616 420 1681 semus,
447 1597 554 1666 deinde
574 1585 798 1666 annotationem
822 1595 997 1681 adjicerem.
1026 1596 1058 1663 in
1083 1615 1173 1680 quarn
1193 1616 1245 1665 ce·

291 1742 374 1810 tera,
414 1729 524 1813 siqua
549 1730 745 1810 invenissent,
786 1728 848 1795 huc
872 1727 1048 1810 pertinentia
1070 1722 1245 1794 conferren-

290 1869 353 1923 tur.
397 1856 534 1938 Duplicis
560 1856 653 1941 hujus
674 1875 784 1939 operae
814 1852 946 1937 priorem
967 1868 1088 1923 tantuna
1103 1868 1256 1938 partem,

291 2000 418 2065 eamque
444 2002 562 2051 summa
591 2002 662 2049 curn
696 1979 889 2048 festinatione
910 1981 1058 2050 conficere
1094 1983 1242 2068 temporis

289 2125 338 2175 me
363 2089 519 2192 angustiae
552 2113 735 2194 coegerunt,
764 2124 848 2175 ortae
876 2109 942 2174 illae
967 2129 1005 2174 ex
1039 2108 1117 2178 festa
1142 2114 1255 2190 solon,

290 2235 384 2316 nique
411 2235 655 2319 opportunitate,
690 2255 750 2318 qua
777 2234 923 2301 Doctoris
950 2236 1074 2318 gradum
1103 2254 1268 2322 acceptus

288 2385 343 2434 tus
369 2386 452 2434 anm.
496 2367 693 2456 Quapropter
714 2366 941 2434 annotationem
970 2365 1073 2448 illatn,
1104 2367 1132 2432 si
1156 2368 1252 2444 Deua,

289 2494 498 2577 obsecundet,
536 2496 664 2578 posthac
687 2496 859 2578 editurus,
898 2513 980 2565 nunc
1017 2495 1139 2578 quidem
1174 2515 1253 2580 pata

287 2628 393 2692 volunt
427 2625 489 2692 hoc
520 2625 662 2711 iuvenilis
689 2644 800 2709 operae
827 2626 980 2709 specimen
1006 2626 1111 2711 aequis
1141 2624 1242 2694 indul·

286 2753 490 2838 gentibusque
518 2755 681 2839 legentium
703 2756 810 2823 animis
826 2753 1021 2824 commendo.

328 2883 509 2948 Senecae
538 2881 651 2949 librunt
682 2901 737 2949 sua
761 2904 853 2966 spero
882 2884 1062 2965 praestantia
1086 2902 1242 2950 commen·

282 3008 390 3092 ⁴dabit3
419 3029 497 3092 quae
524 3028 588 3091 quo
611 3008 730 3077 facilius
767 3011 973 3095 intelligatur,
1003 3029 1098 3093 pauca
1123 3011 1162 3076 de
1188 3011 1242 3078 illo

286 3137 424 3207 tmivetse
448 3138 609 3221 praefanda
626 3157 704 3206 esse
733 3138 820 3205 duxi.
862 3138 939 3222 Agit
970 3136 1009 3204 da
1035 3137 1242 3207 Prouidentia

177 3266 186 3285 ’
285 3271 347 3338 sne
368 3287 469 3355 quaro
489 3266 577 3334 bonis
597 3271 680 3355 yirls
704 3269 796 3334 mala
821 3267 990 3350 accidant,
1011 3271 1139 3334 comsit
1159 3269 1242 3336 Pro·

285 3394 441 3463 ridentia.
480 3395 529 3462 Sic
555 3396 722 3464 enimcum
748 3395 898 3479 Lipsio
924 3413 954 3464 et
990 3397 1239 3482 Ruhltopfio
1327 3410 1330 3417 ’

286 3522 406 3595 titolum
444 3527 518 3610 (p)
544 3522 791 3605 construamus,
822 3524 875 3606 qui
910 3524 979 3592 alibi
1005 3526 1091 3593 aliter
1113 3527 1257 3612 legitur.⁴

856 3624 859 3635 '
1181 3653 1239 3719 vr-

315 3775 337 3852 (
342 3786 385 3864 9)
413 3783 532 3860 Duplici
558 3781 674 3840 nonina
697 3795 782 3855 taepe
808 3793 920 3838 vererer
942 3756 1038 3854 opera
1053 3793 1103 3838 sna
1120 3778 1242 3854 inrctlp-

279 3898 395 3951 retunt,
420 3897 453 3940 ut
477 3881 620 3942 cicero
639 3880 783 3954 Brutum,
807 3883 866 3938 tiva
888 3877 923 3935 de
948 3879 1052 3943 Clarisl
1063 3874 1242 3944 oratoribus,
1357 3934 1359 3937 ,

279 3981 342 4054 ipre
373 3980 516 4038 Seneca
539 3976 573 4036 de
596 3977 763 4035 Constantia
788 3977 944 4050 sapientis,
969 3975 1029 4031 slve
1050 3966 1125 4043 quod
1142 3974 1174 4029 in
1196 3987 1243 4032 ta·

273 4079 400 4154 piantem
420 4092 473 4133 non
495 4066 574 4133 matr
588 4073 712 4149 injuria.
759 4166 789 4230 A

814 4183 833 4247 3

1039 4229 1061 4260 ὖ
