3150 5175
674 549 797 608 ==
1171 543 1243 621 ⁴71

304 732 386 821 Quid
407 732 506 817 ergoi
527 730 644 828 felicior
664 741 764 809 creet,
787 729 816 795 si
837 727 869 793 in
894 725 964 795 sinu
991 722 1103 792 amicae
1126 722 1236 798 fover

264 862 286 926 6
303 872 348 929 ret
371 858 517 927 mauumi
548 856 656 924 Infelix
674 871 722 923 est
739 855 913 938 Fabricius,
931 856 1016 938 quod
1031 876 1086 926 rus
1100 875 1217 941 suarm,

301 1002 448 1071 quantum
469 1008 488 1054 a
508 984 661 1069 republica
687 986 824 1066 vacavit,
853 982 959 1051 fodit?
990 986 1075 1067 quod
1101 983 1216 1054 belium

283 1128 361 1184 ,tam
383 1134 455 1180 cum
485 1114 623 1199 Pyrrho,
646 1135 736 1198 quam
767 1135 837 1184 cum
858 1113 968 1181 divitiis
998 1112 1097 1199 gerit?
1128 1114 1217 1197 quod

301 1241 340 1309 ad
368 1238 476 1309 focum
511 1260 619 1313 coenat
649 1246 713 1314 ilias
743 1245 825 1330 ipsas
853 1243 990 1325 radices,
1021 1257 1052 1309 et
1084 1241 1216 1326 herbar,

304 1385 382 1448 quas
401 1367 434 1434 in
454 1387 527 1455 agro
547 1371 734 1457 triumphaiis
750 1391 846 1439 senex
862 1370 981 1471 verint?
1023 1370 1217 1457 Quidergo?

301 1493 419 1562 felicior
443 1510 543 1581 esset,
564 1500 591 1565 si
616 1500 648 1566 iu
674 1514 810 1568 ventrem
844 1520 935 1569 suum
967 1498 1125 1582 longinqui
1147 1499 1218 1566 lito-

259 1592 282 1622 ·„
298 1624 340 1691 ris
376 1624 500 1710 pisces,
530 1643 561 1695 et
593 1632 749 1716 peregrina
789 1632 918 1715 aucupia
952 1629 1153 1713 congereret?
1190 1629 1218 1698 ai
1259 1619 1264 1624 ’

296 1750 465 1836 conchyliis
487 1753 597 1837 Superi
619 1769 711 1840 atque
741 1756 832 1826 Inferi
858 1758 947 1825 maris
976 1757 1126 1842 pigritiam
1149 1772 1217 1826 sto·

297 1877 396 1944 maciei
431 1878 603 1945 nauseantis
641 1880 795 1964 erigeret?
837 1881 864 1947 si
895 1881 1010 1966 ingenti
1045 1900 1211 1965 pomorum

300 2019 385 2074 strue
413 2006 548 2091 cingeret
574 2005 687 2090 primm
718 2003 835 2073 formae
865 2006 968 2089 feras,
998 2025 1100 2093 captas
1124 2012 1219 2081 muita

1152 2154 1221 2205 eae-

291 2264 324 2322 6.
361 2259 397 2320 Iu
419 2276 500 2336 agro.
537 2257 608 2320 Pott
632 2257 704 2318 iraec
728 2257 815 2318 uerba
836 2259 867 2318 in
890 2257 1035 2334 prioribus
1056 2259 1121 2321 eriri.
1145 2260 1224 2321 adii-

255 2370 318 2417 tum
340 2371 398 2416 erut
422 2355 617 2434 repurgando,
643 2354 724 2429 quod
755 2355 859 2431 Liprio
879 2369 1067 2431 eremorum,
1099 2371 1168 2417 cum
1190 2356 1223 2417 ir

255 2456 399 2515 uonnuiiis
421 2455 511 2515 codd.
529 2456 663 2523 aberret,
690 2452 778 2527 ejecit
799 2451 902 2513 Ruhir.
922 2452 1052 2527 Uterque
1067 2452 1152 2515 Leid.
1172 2459 1222 2514 or-

256 2552 324 2612 dine
353 2552 498 2617 contrario
531 2551 655 2628 praefert
682 2554 714 2610 in
736 2560 852 2626 repurg.
875 2566 965 2625 agro,
993 2566 1055 2624 quo
1084 2550 1223 2626 probabi·

251 2649 307 2707 iius
342 2651 395 2720 fit,
427 2647 499 2708 iiiud
523 2648 644 2707 alienum
669 2659 742 2706 esse.
778 2644 889 2704 vitium
913 2645 980 2705 inde
1008 2645 1128 2707 fluxisse
1151 2663 1222 2710 com

250 2744 354 2817 jioitt.
379 2746 461 2817 quod
483 2745 586 2817 eliquit
613 2745 736 2821 §urium
766 2757 834 2800 cum
861 2739 995 2803 inuncto
1020 2745 1223 2818 confundens,

250 2839 286 2896 ad
309 2838 418 2899 radices
448 2839 649 2912 interpretandi
684 2852 772 2895 causa
794 2850 882 2911 rapas
905 2838 936 2895 in
965 2839 1091 2910 margine
1113 2854 1221 2914 posae-

253 2938 309 3006 rit,
337 2937 424 3009 idque
455 2937 550 2992 minus
577 2936 654 2993 cirre
678 2934 817 3007 scripturn
838 2945 940 3007 portes
972 2933 1118 2992 refluxerit
1149 2935 1251 2997 riios‘

252 3030 283 3089 in
305 3027 495 3107 repurgando.

288 3127 396 3195 Vuirtt.
426 3123 599 3203 exquisitius
630 3118 762 3196 virium,
798 3138 884 3201 quam
914 3121 996 3198 quod
1026 3122 1112 3184 habet
1151 3123 1223 3190 Am.

253 3227 370 3288 euuirit·
959 3238 962 3243 ’

239 3302 242 3309 ’
290 3322 324 3383 Si
346 3319 566 3399 conemuperi.
582 3318 664 3381 Febr.
687 3317 746 3380 Sed
760 3319 885 3380 tradiiis
900 3320 1026 3394 superni.

250 3419 333 3492 Pigr.
358 3429 439 3478 stum.
461 3434 543 3479 naus.
564 3419 699 3490 erigeret.
724 3414 877 3488 Eieganter
899 3414 1008 3473 dictum
1030 3429 1085 3489 pro
1103 3418 1220 3492 pigrum

252 3510 423 3582 stomachum
435 3524 466 3574 et
481 3523 677 3575 nauseantem.
714 3508 748 3567 ld
763 3525 830 3570 cum
844 3508 958 3582 fugeret
974 3509 1124 3579 iibrrrios,
1136 3512 1219 3571 rubr.

255 3622 285 3666 et
300 3608 370 3668 Aru.
384 3623 439 3682 pro
459 3612 585 3683 erigeret
608 3605 712 3663 habent
737 3607 879 3677 exigeret.
895 3633 931 3648 -
948 3604 1037 3679 Erigi
1064 3602 1221 3664 stomacher

227 3706 229 3710 ’
255 3703 362 3763 dicitur
376 3705 460 3763 etiam
475 3715 593 3763 notante
609 3699 732 3775 Lipsio,
747 3698 824 3760 Nat.
837 3699 959 3778 Quaeri.
984 3705 1043 3773 lv,
1063 3716 1109 3770 ra.
1132 3704 1221 3766 Vorr.

254 3803 419 3866 nauseantis
440 3797 576 3863 stomachi
656 3826 660 3829 ¹

292 3897 435 3971 Cingeret.
448 3902 511 3959 tioc
525 3911 625 3958 verum
635 3892 758 3955 vitietur.
777 3892 859 3958 Fabr.
868 3898 1050 3973 cingerentur
1059 3888 1217 3968 ,quodpr-

253 4010 317 4061 rum
339 3995 418 4054 abest
434 4008 450 4051 r
465 3997 593 4056 tectione
609 3996 712 4070 Lipsio
727 4008 899 4065 memoratu,
926 4009 980 4052 nec
997 4004 1091 4050 tamen
1114 3991 1218 4065 probe.

253 4109 299 4159 tt:
316 4104 498 4170 armaretur,
512 4098 748 4169 primaasurrnat
759 4087 843 4166 feras
861 4109 886 4152 r.
906 4108 945 4150 m.
963 4108 989 4153 c.
1008 4106 1037 4150 u.
1055 4085 1219 4167 deglutiret.
