3150 5175
280 753 345 805 rum
368 754 562 826 convertere,
584 735 639 802 sed
659 735 803 818 puerilia,
832 749 863 803 et
886 735 1035 805 numanae
1061 737 1192 807 oblecra-

277 880 377 933 tuentu
403 867 550 956 levitatis.
609 864 693 930 Ecce
732 866 938 947 spectaculum
968 861 1116 951 dignum,
1149 867 1199 936 ud·

251 998 364 1078 ¹quud
384 994 527 1077 respiciat
550 992 685 1059 intentus
718 994 804 1077 operi
830 1013 888 1060 suu
913 996 1017 1063 Deus:
1046 1015 1115 1063 ecce
1135 1017 1192 1082 par

278 1125 349 1192 Deo
373 1124 516 1205 dignum,
550 1121 596 1188 vir
622 1119 711 1187 furris
745 1141 816 1194 curn
844 1124 919 1189 mula
954 1123 1080 1193 fortuna
1107 1125 1195 1195 cunt·

277 1251 422 1334 positus,
442 1250 547 1333 utique
573 1250 601 1315 si
616 1265 648 1316 et
670 1251 862 1334 provocavit.
903 1249 979 1317 Nun
1007 1251 1118 1337 uiden,
1141 1256 1192 1321 in·

179 1469 181 1480 Ι
276 1398 392 1462 quarn,
418 1378 491 1461 quid
515 1379 623 1445 habeut
646 1379 678 1444 in
698 1379 787 1445 tetris
805 1377 924 1464 Jupiter
952 1379 1134 1463 pulchrius,
1159 1384 1189 1448 si

271 1523 448 1574 convertere
484 1507 616 1574 animum
647 1507 743 1585 velit,
775 1524 867 1589 quam
893 1520 929 1574 ut
954 1491 1071 1591 spectet
1094 1507 1189 1576 Catu·

273 1656 362 1719 ncrn,
380 1641 448 1722 'juru
473 1638 609 1721 pertibus
635 1655 700 1704 non
725 1639 819 1705 semel
844 1637 968 1720 fruetis,
997 1650 1126 1703 stantem
1141 1638 1190 1704 ni·

233 1767 436 1848 7hiluminus
480 1768 558 1836 intet
595 1769 698 1837 urinas
731 1768 869 1850 publicas
900 1779 1030 1835 rectum·
1077 1765 1189 1850 Licet,

270 1895 394 1977 iuquit,
417 1898 517 1964 omniu
535 1890 567 1961 in
587 1896 679 1964 unius
700 1895 845 1963 ditionem
867 1898 1096 1979 concesserint,
1114 1911 1188 1965 cut·

269 2022 424 2088 rudiuntur
445 2023 618 2107 legionibus
642 2040 763 2104 terrac,
792 2026 941 2091 classibus
968 2023 1081 2101 maria,
1109 2019 1188 2088 Cuc·

272 2148 408 2218 cacianus
436 2163 542 2231 portus
565 2151 651 2215 miles
675 2149 832 2215 obsideat:
865 2151 968 2228 Cato,
999 2169 1062 2228 qua
1083 2163 1190 2229 exeat,

271 2277 373 2345 nuber.
419 2281 487 2347 Una
512 2298 602 2347 uranu
624 2281 712 2347 lutum
737 2279 867 2348 libertati
889 2279 966 2346 vium
984 2276 1084 2343 faciet.
1114 2249 1188 2343 ¹Fer·

268 2428 336 2475 runt
361 2409 463 2490 istud,
488 2409 574 2475 etiarn
596 2408 676 2477 civili
699 2408 782 2475 bello
803 2428 916 2493 purum
945 2423 975 2474 et
1000 2405 1182 2488 innoxium,

181 2628 184 2633 .
269 2534 368 2601 bonus
391 2539 510 2603 tundent
535 2558 568 2603 ac
598 2537 715 2603 nobiles
737 2537 805 2603 edet
834 2557 956 2621 operas.
995 2539 1184 2624 libertatem,

268 2687 358 2750 quem
375 2669 487 2751 patriae
507 2686 571 2732 non
593 2666 718 2749 putuit,
741 2666 855 2734 Catoni
875 2666 970 2736 dubit.
1012 2644 1186 2751 Aggredere

1122 2815 1186 2860 am.

261 2999 325 3060 Sed.
348 2999 378 3058 lu
400 3001 487 3057 Voss.
509 2997 608 3057 deest:
636 2994 717 3055 Febr.
741 2996 845 3056 Iubere
869 2997 983 3057 videtur
1007 2997 1104 3062 iaec.=

257 3097 344 3157 Mala
354 3101 487 3161 fortuna.
526 3094 604 3152 Cod.
619 3105 740 3166 uterque
757 3091 894 3181 fortuna*
907 3096 994 3157 mala.
1014 3102 1100 3159 Voss.
1115 3115 1186 3163 mex

220 3204 250 3251 et
274 3198 299 3252 si
327 3194 488 3268 pruriet.

257 3291 382 3350 Habeat.
404 3289 479 3348 cod.
502 3284 614 3346 Fabric.
638 3283 731 3358 hunc,
747 3302 844 3347 errore
864 3289 954 3349 credo
976 3291 1096 3352 librurll.

257 3368 392 3446 Rectum(
418 3385 587 3458 lluthultur
614 3385 762 3457 legebatur
789 3398 907 3446 notente
928 3386 1008 3448 PInc.
1040 3403 1183 3466 erectum,⁸

221 3486 271 3548 uod
286 3487 357 3553 illud
374 3483 498 3544 firmetur
514 3484 571 3543 ullo
589 3485 660 3541 loco
674 3482 747 3540 iufra
760 3486 804 3540 111
813 3523 823 3553 ‚
840 3502 870 3555 4.
886 3490 1102 3554 „rectissimum
1111 3487 1140 3555 .’‘
1155 3503 1187 3546 er

221 3582 314 3657 Epist.
330 3582 484 3652 XXXVII,
505 3599 533 3639 n.
550 3620 572 3650 ,‚
584 3588 663 3637 recto
678 3578 736 3636 tibi
751 3581 911 3654 invictoque
924 3581 1094 3639 moriendum
1111 3581 1202 3659 este(

219 3675 307 3735 ullud
327 3689 371 3733 est
391 3690 486 3738 erecta
503 3679 619 3736 consilia
643 3672 738 3749 Epist.
763 3672 832 3733 XLI
840 3713 851 3745 ,
879 3693 910 3738 ι.
937 3692 965 3737 et
988 3682 1068 3754 quod
1100 3697 1185 3757 supa

218 3773 385 3840 habuimus,
412 3811 436 3842 .,
454 3773 499 3831 vir
519 3772 608 3831 modo
631 3784 660 3828 et
686 3769 831 3829 erectus.”

255 3891 285 3941 7·
303 3869 457 3928 Ditionem.
478 3871 547 3929 Non
570 3871 748 3927 intellectum
771 3885 786 3925 u
810 3871 946 3932 librariis:
969 3871 1082 3934 Fabric.
1105 3870 1202 3935 eninr·

217 3967 302 4025 habet
324 3964 492 4024 conditione,
534 3971 622 4028 Voss.
651 3963 842 4025 conditionem.

217 4063 326 4124 Etiam.
358 4078 413 4139 pro
435 4065 466 4121 ln
487 4062 566 4125 I'luc.
580 4078 616 4123 ex
633 4062 747 4135 unrlquu
767 4064 891 4122 lectione
906 4061 1033 4137 scripsit.

722 4183 747 4248 F
