3150 5175
709 470 837 501 ....
1187 482 1234 554 ,³

711 508 837 528 -d
861 517 864 522 -

275 669 348 718 vere
382 653 456 720 mala
492 671 523 720 c.
550 651 586 718 6.
610 649 655 717 sic
682 647 834 717 esternit:
868 653 943 719 mala
974 669 1041 719 esse
1068 697 1095 736 „
1118 656 1235 733 ‘semaa

277 826 305 863 „
325 794 356 846 et
373 780 484 866 flagitia
515 794 547 846 et
565 775 763 861 cogitationes
790 778 965 862 improbas,
988 796 1018 849 et
1042 784 1130 851 avida
1156 803 1233 854 con·

274 955 303 992 ‚,
324 910 412 992 silit,
444 924 475 976 et
498 906 652 974 libidinem
675 924 815 990 caecam,
841 923 872 974 et
906 909 1004 977 alieno
1030 910 1237 982 imminentem
1328 911 1331 916 ’

262 1013 304 1121 ’,,
324 1034 532 1118 avaritiam;’‘
556 1035 629 1102 haec
652 1049 753 1102 autem
783 1036 885 1105 omnin
910 1039 1012 1107 Deum
1040 1060 1058 1107 a
1082 1040 1155 1108 viris
1179 1040 1238 1111 bo·

275 1167 325 1234 nis
363 1162 549 1244 removisse3
579 1176 713 1230 cetenrm
739 1163 910 1232 diuitiarum
936 1180 966 1232 et
989 1165 1121 1236 filiorum
1144 1169 1236 1237 amis·

276 1296 418 1373 nonem
438 1290 600 1373 exsilium,
623 1304 810 1360 necem'non
827 1297 893 1358 esse
913 1295 1008 1376 mala,
1029 1296 1144 1381 quippe
1158 1316 1238 1381 quac

276 1420 336 1489 viti
357 1419 429 1487 boni
451 1419 612 1503 aliquando
636 1418 697 1487 sibi
717 1420 777 1503 ipsi
796 1420 1000 1488 consciscant.
1043 1422 1174 1507 Reliqua
1197 1423 1236 1490 de

277 1549 337 1616 lroc
357 1562 534 1633 argumento
562 1550 663 1616 Deum
696 1550 824 1633 pulchre
853 1564 1086 1633 persequentem
1109 1551 1237 1620 inducit.
1363 1588 1368 1610 .

278 1678 365 1764 Quae
388 1679 453 1761 ipsa
482 1678 725 1777 prosopopoeiae
753 1678 882 1765 gravitas
918 1694 949 1744 et
978 1678 1139 1764 insurgens
1171 1698 1241 1747 ora·

277 1806 369 1874 tionis
412 1806 538 1889 spiritus
573 1806 652 1874 libro
697 1807 737 1874 ad
782 1808 898 1874 exitum
947 1808 1082 1892 vergenti
1121 1807 1239 1893 optime

278 1954 445 2018 congruere
481 1934 614 2004 videtur.
666 1933 779 2014 Neque
808 1934 910 2000 obstat
938 1935 1060 2003 brevior
1090 1949 1121 2004 et
1150 1935 1239 2018 qmsi

279 2062 433 2143 abrupta,
463 2080 524 2143 qna
556 2060 648 2126 finem
672 2058 765 2140 iacit,
802 2061 967 2127 sententia:
1009 2109 1037 2143 „
1067 2063 1152 2144 quod
1176 2078 1239 2129 tarn

281 2223 309 2271 ‚q
327 2189 393 2256 cito
423 2188 479 2269 fit,
508 2186 620 2253 timetis
657 2184 766 2252 diuv’
794 2186 961 2269 Ejusmodi
997 2186 1076 2252 enim
1107 2189 1240 2259 breviter

280 2315 370 2384 dictis
395 2314 491 2384 libros
527 2314 665 2402 claudere
698 2330 919 2396 nonnunquam
939 2312 1083 2380 'Senecae
1110 2313 1241 2398 placuit.

282 2445 429 2528 Exempla
447 2456 587 2525 petemus
613 2461 630 2507 e
657 2441 744 2506 Nat.
777 2441 1006 2532 Quaestionum
1034 2462 1128 2526 opere
1145 2441 1240 2526 pantio

279 2586 352 2657 post
381 2586 523 2655 exarato,
543 2571 630 2655 cujus
648 2570 723 2637 liber
741 2571 894 2640 secundus
917 2571 958 2639 ita
978 2572 1100 2641 linitur:
1123 2620 1151 2655 ‚‚
1173 2543 1240 2640 Ne·

280 2747 307 2784 ,‚
332 2721 384 2768 mo
411 2712 545 2783 unquam
567 2699 684 2767 fulmen
704 2699 824 2781 timuit,
845 2699 904 2767 nisi
928 2701 982 2782 qui
1006 2701 1156 2785 effugit:”
1179 2712 1242 2771 ter·

281 2829 342 2899 tius
374 2829 407 2893 in
441 2828 515 2892 haec
551 2827 643 2891 verba
672 2825 802 2892 desinit:
832 2872 861 2907 ‚,
882 2825 971 2892 enam
1004 2829 1068 2895 sine
1093 2825 1240 2910 magistro

284 3001 311 3038 .‚
332 2953 407 3022 vitia
432 2951 633 3020 discuntut.”
1203 3018 1204 3021 ,

323 3083 493 3166 Superest,
528 3095 563 3148 ut
595 3095 742 3162 quaenam
770 3078 809 3144 ad
833 3077 963 3145 Senecae
991 3092 1107 3145 tentum
1134 3097 1243 3167 recog.

282 3211 470 3280 noscendum
503 3198 637 3282 subsidia
674 3206 748 3276 milri
779 3190 914 3290 fuerint,
946 3208 1050 3293 paucis
1077 3216 1239 3294 exponam.
1340 3301 1342 3303 ,

279 3341 399 3409 Praeter
415 3338 562 3407 editiones
580 3338 709 3406 Andr.
732 3336 930 3420 schotti,
959 3338 1120 3429 ll.1604,
1150 3338 1245 3423 Lip-

232 3566 235 3573 .
281 3470 353 3553 sii,
380 3469 520 3551 lutose
542 3467 661 3552 (44),
679 3463 711 3551 J,
731 3465 769 3534 F.
787 3456 1028 3548 Gronov‘ii,
1048 3469 1187 3555 &1⁶5⁸
1210 3481 1243 3535 et

993 3601 1001 3615 '
1051 3617 1053 3619 ’
1184 3610 1244 3660 no·

314 3809 400 3882 (44)
427 3806 507 3868 lianc
531 3805 633 3891 ceteris
662 3758 839 3865 editionibus
862 3818 985 3879 quatuor
1008 3821 1023 3863 a
1046 3764 1150 3879 lipsio
1165 3815 1248 3891 eura·

276 3907 313 3965 tit
339 3908 571 3979 (1605,1614,
602 3907 693 3978 1632,
724 3906 820 3980 1637)
844 3921 907 3963 esse
930 3905 1074 3962 meliorem
1100 3913 1130 3959 et
1157 3914 1246 3965 ratam

275 4004 375 4063 teribit
398 4006 537 4077 Harles
558 4008 649 4068 Bren.
671 4003 740 4064 Not.
760 4000 888 4066 literar.
910 4005 990 4061 Rom.
1009 4012 1042 4074 p.
1068 4016 1133 4079 327.
